<?xml version="1.0" encoding="UTF-8"?>
<!DOCTYPE html PUBLIC "-//W3C//DTD XHTML 1.0 Transitional//EN"
    "http://www.w3.org/TR/xhtml1/DTD/xhtml1-transitional.dtd">
<html xmlns="http://www.w3.org/1999/xhtml" xml:lang="en" lang="en">
 <head>
  <title>
</title>
<meta http-equiv="Content-Type" content="text/html;charset=utf-8" />
  <meta name='ocr-system' content='tesseract 3.04.00' />
  <meta name='ocr-capabilities' content='ocr_page ocr_carea ocr_par ocr_line ocrx_word'/>
</head>
<body>
  <div class='ocr_page' id='page_1' title='image "4737906_0042.png"; bbox 0 0 1980 3090; ppageno 0'>
   <div class='ocr_carea' id='block_1_1' title="bbox 871 240 1094 277">
    <p class='ocr_par' dir='ltr' id='par_1_1' title="bbox 871 240 1094 277">
     <span class='ocr_line' id='line_1_1' title="bbox 871 240 1094 277; baseline 0.004 -1"><span class='ocrx_word' id='word_1_1' title='bbox 871 262 904 265; x_wconf 19' lang='lat' dir='ltr'>*A</span> <span class='ocrx_word' id='word_1_2' title='bbox 951 240 1000 277; x_wconf 80' lang='lat'>35</span> <span class='ocrx_word' id='word_1_3' title='bbox 1047 262 1094 266; x_wconf 93' lang='lat'><strong>—</strong></span> 
     </span>
    </p>
   </div>
   <div class='ocr_carea' id='block_1_2' title="bbox 261 364 1507 1131">
    <p class='ocr_par' dir='ltr' id='par_1_2' title="bbox 261 364 1507 1131">
     <span class='ocr_line' id='line_1_2' title="bbox 611 364 1398 421; baseline 0.004 -16"><span class='ocrx_word' id='word_1_4' title='bbox 611 368 682 419; x_wconf 78' lang='lat' dir='ltr'>(U)</span> <span class='ocrx_word' id='word_1_5' title='bbox 767 364 796 370; x_wconf 72' lang='grc'>“’</span> <span class='ocrx_word' id='word_1_6' title='bbox 1331 369 1398 421; x_wconf 74' lang='lat' dir='ltr'>(N)</span> 
     </span>
     <span class='ocr_line' id='line_1_3' title="bbox 261 432 1215 483; baseline -0.003 -10"><span class='ocrx_word' id='word_1_7' title='bbox 261 436 452 483; x_wconf 76' lang='lat'>1130‚18.</span> <span class='ocrx_word' id='word_1_8' title='bbox 477 432 663 481; x_wconf 77' lang='lat' dir='ltr'>pallidus</span> <span class='ocrx_word' id='word_1_9' title='bbox 693 434 724 471; x_wconf 86' lang='grc' dir='ltr'>Ο</span> <span class='ocrx_word' id='word_1_10' title='bbox 1033 434 1215 482; x_wconf 76' lang='lat' dir='ltr'>palladis</span> 
     </span>
     <span class='ocr_line' id='line_1_4' title="bbox 387 497 1233 547; baseline 0 -10"><span class='ocrx_word' id='word_1_11' title='bbox 387 500 446 537; x_wconf 87' lang='lat'>19.</span> <span class='ocrx_word' id='word_1_12' title='bbox 477 497 581 535; x_wconf 78' lang='lat' dir='ltr'>dura</span> <span class='ocrx_word' id='word_1_13' title='bbox 604 509 732 547; x_wconf 77' lang='lat' dir='ltr'>paras</span> <span class='ocrx_word' id='word_1_14' title='bbox 762 499 792 537; x_wconf 94' lang='lat' dir='ltr'>O</span> <span class='ocrx_word' id='word_1_15' title='bbox 1039 498 1233 537; x_wconf 71' lang='lat' dir='ltr'>immerito</span> 
     </span>
     <span class='ocr_line' id='line_1_5' title="bbox 386 562 1109 602; baseline 0 0"><span class='ocrx_word' id='word_1_16' title='bbox 386 566 448 602; x_wconf 82' lang='lat'>35.</span> <span class='ocrx_word' id='word_1_17' title='bbox 479 562 516 600; x_wconf 77' lang='lat' dir='ltr'>si</span> <span class='ocrx_word' id='word_1_18' title='bbox 545 565 576 601; x_wconf 83' lang='lat' dir='ltr'><em>O</em></span> <span class='ocrx_word' id='word_1_19' title='bbox 1040 566 1109 602; x_wconf 79' lang='lat' dir='ltr'>sed</span> 
     </span>
     <span class='ocr_line' id='line_1_6' title="bbox 317 628 1507 681; baseline 0 -13"><span class='ocrx_word' id='word_1_20' title='bbox 317 631 380 679; x_wconf 76' lang='lat'>32,</span> <span class='ocrx_word' id='word_1_21' title='bbox 413 631 447 667; x_wconf 85' lang='lat'>5.</span> <span class='ocrx_word' id='word_1_22' title='bbox 477 628 688 678; x_wconf 78' lang='lat' dir='ltr'>deportant</span> <span class='ocrx_word' id='word_1_23' title='bbox 716 629 852 667; x_wconf 76' lang='lat' dir='ltr'>esseda</span> <span class='ocrx_word' id='word_1_24' title='bbox 881 628 986 667; x_wconf 73' lang='lat' dir='ltr'>rihm-</span> <span class='ocrx_word' id='word_1_25' title='bbox 1039 629 1250 681; x_wconf 72' lang='lat' dir='ltr'>‹lepormm</span> <span class='ocrx_word' id='word_1_26' title='bbox 1278 630 1345 668; x_wconf 65' lang='lat' dir='ltr'>sed</span> <span class='ocrx_word' id='word_1_27' title='bbox 1375 629 1507 669; x_wconf 73' lang='lat' dir='ltr'>abitur</span> 
     </span>
     <span class='ocr_line' id='line_1_7' title="bbox 479 694 769 742; baseline 0.003 -13"><span class='ocrx_word' id='word_1_28' title='bbox 479 694 573 742; x_wconf 76' lang='lat' dir='ltr'>(tyb.</span> <span class='ocrx_word' id='word_1_29' title='bbox 604 694 708 742; x_wconf 92' lang='lat' dir='ltr'>DV)</span> <span class='ocrx_word' id='word_1_30' title='bbox 738 697 769 730; x_wconf 89' lang='lat' dir='ltr'><em>O</em></span> 
     </span>
     <span class='ocr_line' id='line_1_8' title="bbox 386 755 1212 811; baseline -0.004 -12"><span class='ocrx_word' id='word_1_31' title='bbox 386 758 449 800; x_wconf 81' lang='lat'>22.</span> <span class='ocrx_word' id='word_1_32' title='bbox 480 755 644 811; x_wconf 58' lang='lat' dir='ltr'>merseris</span> <span class='ocrx_word' id='word_1_33' title='bbox 674 757 704 797; x_wconf 88' lang='grc' dir='ltr'>Ο</span> <span class='ocrx_word' id='word_1_34' title='bbox 1043 760 1212 798; x_wconf 76' lang='lat' dir='ltr'>meretur</span> 
     </span>
     <span class='ocr_line' id='line_1_9' title="bbox 388 824 1124 872; baseline -0.003 -9"><span class='ocrx_word' id='word_1_35' title='bbox 388 827 465 864; x_wconf 83' lang='lat'>26..</span> <span class='ocrx_word' id='word_1_36' title='bbox 480 824 562 872; x_wconf 78' lang='lat' dir='ltr'>fuit</span> <span class='ocrx_word' id='word_1_37' title='bbox 592 825 623 861; x_wconf 80' lang='lat'>0</span> <span class='ocrx_word' id='word_1_38' title='bbox 1045 825 1124 862; x_wconf 71' lang='lat' dir='ltr'>tuis</span> 
     </span>
     <span class='ocr_line' id='line_1_10' title="bbox 385 887 1267 944; baseline 0.001 -15"><span class='ocrx_word' id='word_1_39' title='bbox 385 891 448 930; x_wconf 89' lang='lat'>30.</span> <span class='ocrx_word' id='word_1_40' title='bbox 480 887 649 928; x_wconf 68' lang='lat' dir='ltr'>erimina</span> <span class='ocrx_word' id='word_1_41' title='bbox 679 891 709 929; x_wconf 79' lang='grc' dir='ltr'>Ο</span> <span class='ocrx_word' id='word_1_42' title='bbox 1043 889 1192 930; x_wconf 69' lang='lat' dir='ltr'>serinia</span> <span class='ocrx_word' id='word_1_43' title='bbox 1221 891 1267 944; x_wconf 89' lang='lat' dir='ltr'>Nl</span> 
     </span>
     <span class='ocr_line' id='line_1_11' title="bbox 386 954 1174 1001; baseline -0.003 -9"><span class='ocrx_word' id='word_1_44' title='bbox 386 957 449 992; x_wconf 86' lang='lat'>33.</span> <span class='ocrx_word' id='word_1_45' title='bbox 480 954 661 1000; x_wconf 59' lang='lat' dir='ltr'>quamn-ix</span> <span class='ocrx_word' id='word_1_46' title='bbox 690 958 721 992; x_wconf 75' lang='grc' dir='ltr'><strong>Ο</strong></span> <span class='ocrx_word' id='word_1_47' title='bbox 1042 956 1174 1001; x_wconf 75' lang='lat' dir='ltr'>fertur</span> 
     </span>
     <span class='ocr_line' id='line_1_12' title="bbox 317 1011 1160 1078; baseline -0.004 -45"><span class='ocrx_word' id='word_1_48' title='bbox 317 1014 384 1078; x_wconf 50' lang='lat'>33}</span> <span class='ocrx_word' id='word_1_49' title='bbox 412 1014 448 1033; x_wconf 76' lang='lat'>9.</span> <span class='ocrx_word' id='word_1_50' title='bbox 479 1011 576 1032; x_wconf 64' lang='lat' dir='ltr'>irena</span> <span class='ocrx_word' id='word_1_51' title='bbox 607 1013 637 1032; x_wconf 25' lang='grc' dir='ltr'>(ἶ)</span> <span class='ocrx_word' id='word_1_52' title='bbox 1043 1011 1160 1065; x_wconf 45' lang='grc' dir='ltr'>ἷῖἶςτῆιῡῖ</span> 
     </span>
     <span class='ocr_line' id='line_1_13' title="bbox 320 1088 1199 1131; baseline -0.002 -8"><span class='ocrx_word' id='word_1_53' title='bbox 320 1091 452 1131; x_wconf 79' lang='lat'>34‚86.</span> <span class='ocrx_word' id='word_1_54' title='bbox 484 1089 688 1123; x_wconf 68' lang='lat' dir='ltr'>laoehadie</span> <span class='ocrx_word' id='word_1_55' title='bbox 1048 1088 1199 1122; x_wconf 62' lang='lat' dir='ltr'>Ioeadifl</span> 
     </span>
    </p>
   </div>
   <div class='ocr_carea' id='block_1_3' title="bbox 372 1172 1689 1238">
    <p class='ocr_par' dir='ltr' id='par_1_3' title="bbox 372 1172 1689 1238">
     <span class='ocr_line' id='line_1_14' title="bbox 372 1172 1689 1238; baseline 0 -13"><span class='ocrx_word' id='word_1_56' title='bbox 372 1172 549 1235; x_wconf 67' lang='lat' dir='ltr'>Accedit,</span> <span class='ocrx_word' id='word_1_57' title='bbox 580 1173 682 1238; x_wconf 82' lang='lat' dir='ltr'>quod</span> <span class='ocrx_word' id='word_1_58' title='bbox 717 1173 847 1227; x_wconf 64' lang='lat' dir='ltr'>nullia</span> <span class='ocrx_word' id='word_1_59' title='bbox 881 1172 1133 1226; x_wconf 68' lang='lat' dir='ltr'>invaniunnu·</span> <span class='ocrx_word' id='word_1_60' title='bbox 1168 1172 1443 1237; x_wconf 49' lang='lat' dir='ltr'>murimonte</span> <span class='ocrx_word' id='word_1_61' title='bbox 1480 1172 1689 1225; x_wconf 64' lang='lat' dir='ltr'>ommium</span> 
     </span>
    </p>
   </div>
   <div class='ocr_carea' id='block_1_4' title="bbox 264 1250 1692 1360">
    <p class='ocr_par' dir='ltr' id='par_1_4' title="bbox 264 1250 1692 1360">
     <span class='ocr_line' id='line_1_15' title="bbox 264 1250 1692 1296; baseline 0 -13"><span class='ocrx_word' id='word_1_62' title='bbox 264 1250 303 1283; x_wconf 93' lang='lat' dir='ltr'>in</span> <span class='ocrx_word' id='word_1_63' title='bbox 335 1250 381 1293; x_wconf 85' lang='lat' dir='ltr'>N7</span> <span class='ocrx_word' id='word_1_64' title='bbox 413 1262 514 1295; x_wconf 86' lang='lat' dir='ltr'>quae</span> <span class='ocrx_word' id='word_1_65' title='bbox 544 1254 650 1283; x_wconf 84' lang='lat' dir='ltr'>certo</span> <span class='ocrx_word' id='word_1_66' title='bbox 681 1255 893 1295; x_wconf 82' lang='lat' dir='ltr'>exstarent,</span> <span class='ocrx_word' id='word_1_67' title='bbox 930 1251 963 1283; x_wconf 90' lang='lat' dir='ltr'>si</span> <span class='ocrx_word' id='word_1_68' title='bbox 992 1251 1027 1283; x_wconf 92' lang='lat' dir='ltr'>N</span> <span class='ocrx_word' id='word_1_69' title='bbox 1057 1262 1105 1284; x_wconf 88' lang='lat' dir='ltr'>ex</span> <span class='ocrx_word' id='word_1_70' title='bbox 1134 1250 1241 1284; x_wconf 87' lang='lat' dir='ltr'>fonte</span> <span class='ocrx_word' id='word_1_71' title='bbox 1271 1251 1387 1296; x_wconf 83' lang='lat' dir='ltr'>plane</span> <span class='ocrx_word' id='word_1_72' title='bbox 1417 1250 1554 1285; x_wconf 89' lang='lat' dir='ltr'>eodem</span> <span class='ocrx_word' id='word_1_73' title='bbox 1585 1255 1692 1283; x_wconf 82' lang='lat' dir='ltr'>ortus</span> 
     </span>
     <span class='ocr_line' id='line_1_16' title="bbox 264 1310 1691 1360; baseline 0 -13"><span class='ocrx_word' id='word_1_74' title='bbox 264 1315 368 1347; x_wconf 84' lang='lat' dir='ltr'>esset</span> <span class='ocrx_word' id='word_1_75' title='bbox 397 1316 515 1359; x_wconf 86' lang='lat' dir='ltr'>atque</span> <span class='ocrx_word' id='word_1_76' title='bbox 539 1310 706 1348; x_wconf 88' lang='lat' dir='ltr'><strong>Urbinas</strong></span> <span class='ocrx_word' id='word_1_77' title='bbox 735 1310 861 1348; x_wconf 78' lang='lat' dir='ltr'>titulis</span> <span class='ocrx_word' id='word_1_78' title='bbox 882 1316 1055 1348; x_wconf 86' lang='lat' dir='ltr'>ornatus.</span> <span class='ocrx_word' id='word_1_79' title='bbox 1086 1311 1223 1360; x_wconf 81' lang='lat' dir='ltr'>Neque</span> <span class='ocrx_word' id='word_1_80' title='bbox 1253 1311 1356 1348; x_wconf 85' lang='lat' dir='ltr'>enim</span> <span class='ocrx_word' id='word_1_81' title='bbox 1377 1316 1471 1360; x_wconf 90' lang='lat' dir='ltr'>puto</span> <span class='ocrx_word' id='word_1_82' title='bbox 1492 1311 1691 1347; x_wconf 82' lang='lat' dir='ltr'>librarium</span> 
     </span>
    </p>
   </div>
   <div class='ocr_carea' id='block_1_5' title="bbox 264 1373 1691 1491">
    <p class='ocr_par' dir='ltr' id='par_1_5' title="bbox 264 1373 1691 1491">
     <span class='ocr_line' id='line_1_17' title="bbox 264 1373 1691 1430; baseline -0.001 -9"><span class='ocrx_word' id='word_1_83' title='bbox 264 1373 525 1430; x_wconf 56' lang='lat' dir='ltr'>NeapolissanL</span> <span class='ocrx_word' id='word_1_84' title='bbox 544 1373 576 1421; x_wconf 78' lang='lat' dir='ltr'>si</span> <span class='ocrx_word' id='word_1_85' title='bbox 591 1373 695 1421; x_wconf 65' lang='lat' dir='ltr'>Jtiituli</span> <span class='ocrx_word' id='word_1_86' title='bbox 712 1373 750 1420; x_wconf 77' lang='lat' dir='ltr'>in</span> <span class='ocrx_word' id='word_1_87' title='bbox 767 1377 992 1430; x_wconf 78' lang='lat' dir='ltr'>exemplari,</span> <span class='ocrx_word' id='word_1_88' title='bbox 1011 1377 1115 1429; x_wconf 69' lang='lat' dir='ltr'>quod</span> <span class='ocrx_word' id='word_1_89' title='bbox 1131 1378 1351 1429; x_wconf 71' lang='lat' dir='ltr'>descripsit,</span> <span class='ocrx_word' id='word_1_90' title='bbox 1369 1378 1404 1420; x_wconf 84' lang='lat' dir='ltr'>ei</span> <span class='ocrx_word' id='word_1_91' title='bbox 1418 1378 1691 1426; x_wconf 73' lang='lat' dir='ltr'>occurrissent,</span> 
     </span>
     <span class='ocr_line' id='line_1_18' title="bbox 264 1438 1690 1491; baseline 0.001 -17"><span class='ocrx_word' id='word_1_92' title='bbox 264 1450 331 1474; x_wconf 78' lang='lat' dir='ltr'>eos</span> <span class='ocrx_word' id='word_1_93' title='bbox 372 1439 605 1475; x_wconf 86' lang='lat' dir='ltr'>omissurum</span> <span class='ocrx_word' id='word_1_94' title='bbox 644 1440 776 1475; x_wconf 83' lang='lat' dir='ltr'>fuisse.</span> <span class='ocrx_word' id='word_1_95' title='bbox 835 1439 939 1491; x_wconf 87' lang='lat' dir='ltr'>Ergo</span> <span class='ocrx_word' id='word_1_96' title='bbox 975 1439 1185 1476; x_wconf 79' lang='lat' dir='ltr'>verisimile</span> <span class='ocrx_word' id='word_1_97' title='bbox 1228 1451 1305 1476; x_wconf 90' lang='lat' dir='ltr'>non</span> <span class='ocrx_word' id='word_1_98' title='bbox 1347 1443 1405 1476; x_wconf 86' lang='lat' dir='ltr'>est</span> <span class='ocrx_word' id='word_1_99' title='bbox 1442 1438 1475 1476; x_wconf 87' lang='lat' dir='ltr'>N</span> <span class='ocrx_word' id='word_1_100' title='bbox 1505 1442 1545 1476; x_wconf 86' lang='lat' dir='ltr'>et</span> <span class='ocrx_word' id='word_1_101' title='bbox 1578 1438 1609 1475; x_wconf 78' lang='grc' dir='ltr'>ΙΥ</span> <span class='ocrx_word' id='word_1_102' title='bbox 1645 1450 1690 1475; x_wconf 86' lang='lat' dir='ltr'>ex</span> 
     </span>
    </p>
   </div>
   <div class='ocr_carea' id='block_1_6' title="bbox 265 1506 1694 1621">
    <p class='ocr_par' dir='ltr' id='par_1_6' title="bbox 265 1506 1694 1621">
     <span class='ocr_line' id='line_1_19' title="bbox 265 1506 1690 1560; baseline -0.001 -11"><span class='ocrx_word' id='word_1_103' title='bbox 265 1506 402 1550; x_wconf 83' lang='lat' dir='ltr'>eodem</span> <span class='ocrx_word' id='word_1_104' title='bbox 444 1507 552 1550; x_wconf 66' lang='lat' dir='ltr'>fonte</span> <span class='ocrx_word' id='word_1_105' title='bbox 595 1507 680 1550; x_wconf 75' lang='lat' dir='ltr'>esse</span> <span class='ocrx_word' id='word_1_106' title='bbox 723 1508 932 1550; x_wconf 63' lang='lat' dir='ltr'>derivatos.</span> <span class='ocrx_word' id='word_1_107' title='bbox 998 1509 1076 1550; x_wconf 78' lang='lat' dir='ltr'>Sed</span> <span class='ocrx_word' id='word_1_108' title='bbox 1117 1529 1192 1560; x_wconf 86' lang='lat' dir='ltr'>quo</span> <span class='ocrx_word' id='word_1_109' title='bbox 1236 1511 1351 1549; x_wconf 74' lang='lat' dir='ltr'>morlo</span> <span class='ocrx_word' id='word_1_110' title='bbox 1395 1510 1462 1549; x_wconf 84' lang='lat' dir='ltr'>illa</span> <span class='ocrx_word' id='word_1_111' title='bbox 1504 1510 1690 1549; x_wconf 84' lang='lat' dir='ltr'>librorum</span> 
     </span>
     <span class='ocr_line' id='line_1_20' title="bbox 265 1572 1694 1621; baseline 0.001 -15"><span class='ocrx_word' id='word_1_112' title='bbox 265 1572 447 1621; x_wconf 83' lang='lat' dir='ltr'>cognatio</span> <span class='ocrx_word' id='word_1_113' title='bbox 486 1573 672 1621; x_wconf 85' lang='lat' dir='ltr'>explicari</span> <span class='ocrx_word' id='word_1_114' title='bbox 709 1575 866 1621; x_wconf 72' lang='lat' dir='ltr'>potest?</span> <span class='ocrx_word' id='word_1_115' title='bbox 927 1574 1089 1609; x_wconf 86' lang='lat' dir='ltr'>Duabus</span> <span class='ocrx_word' id='word_1_116' title='bbox 1133 1573 1284 1609; x_wconf 82' lang='lat' dir='ltr'>scilicet</span> <span class='ocrx_word' id='word_1_117' title='bbox 1326 1573 1554 1608; x_wconf 76' lang='lat' dir='ltr'>rationibus.</span> <span class='ocrx_word' id='word_1_118' title='bbox 1613 1573 1694 1607; x_wconf 80' lang='lat' dir='ltr'>Aut</span> 
     </span>
    </p>
   </div>
   <div class='ocr_carea' id='block_1_7' title="bbox 263 1637 1690 1948">
    <p class='ocr_par' dir='ltr' id='par_1_7' title="bbox 263 1637 1690 1948">
     <span class='ocr_line' id='line_1_21' title="bbox 264 1637 1690 1691; baseline 0 -13"><span class='ocrx_word' id='word_1_119' title='bbox 264 1637 367 1679; x_wconf 90' lang='lat' dir='ltr'>enim</span> <span class='ocrx_word' id='word_1_120' title='bbox 405 1638 441 1679; x_wconf 92' lang='lat' dir='ltr'><strong>U</strong></span> <span class='ocrx_word' id='word_1_121' title='bbox 477 1644 515 1679; x_wconf 88' lang='lat' dir='ltr'>et</span> <span class='ocrx_word' id='word_1_122' title='bbox 550 1639 585 1679; x_wconf 88' lang='lat' dir='ltr'>N</span> <span class='ocrx_word' id='word_1_123' title='bbox 620 1639 670 1679; x_wconf 86' lang='lat' dir='ltr'>ad</span> <span class='ocrx_word' id='word_1_124' title='bbox 709 1639 879 1691; x_wconf 80' lang='lat' dir='ltr'>aliquem</span> <span class='ocrx_word' id='word_1_125' title='bbox 921 1655 1164 1680; x_wconf 90' lang='lat' dir='ltr'>communem</span> <span class='ocrx_word' id='word_1_126' title='bbox 1205 1640 1348 1679; x_wconf 84' lang='lat' dir='ltr'>fontem</span> <span class='ocrx_word' id='word_1_127' title='bbox 1390 1640 1566 1687; x_wconf 73' lang='lat' dir='ltr'>redeunt,</span> <span class='ocrx_word' id='word_1_128' title='bbox 1612 1639 1690 1689; x_wconf 80' lang='lat' dir='ltr'>qui7</span> 
     </span>
     <span class='ocr_line' id='line_1_22' title="bbox 263 1703 1690 1755; baseline 0 -15"><span class='ocrx_word' id='word_1_129' title='bbox 263 1707 474 1753; x_wconf 81' lang='lat' dir='ltr'>postquam</span> <span class='ocrx_word' id='word_1_130' title='bbox 517 1704 642 1741; x_wconf 83' lang='lat' dir='ltr'>codex</span> <span class='ocrx_word' id='word_1_131' title='bbox 681 1704 715 1740; x_wconf 91' lang='lat' dir='ltr'>N</span> <span class='ocrx_word' id='word_1_132' title='bbox 759 1704 979 1755; x_wconf 82' lang='lat' dir='ltr'>descriptus</span> <span class='ocrx_word' id='word_1_133' title='bbox 1021 1709 1091 1753; x_wconf 83' lang='lat' dir='ltr'>est,</span> <span class='ocrx_word' id='word_1_134' title='bbox 1137 1708 1333 1741; x_wconf 78' lang='lat' dir='ltr'>correctus</span> <span class='ocrx_word' id='word_1_135' title='bbox 1378 1703 1577 1754; x_wconf 80' lang='lat' dir='ltr'>exemplar</span> <span class='ocrx_word' id='word_1_136' title='bbox 1619 1703 1690 1740; x_wconf 84' lang='lat' dir='ltr'>fuit</span> 
     </span>
     <span class='ocr_line' id='line_1_23' title="bbox 268 1768 1689 1821; baseline -0.001 -13"><span class='ocrx_word' id='word_1_137' title='bbox 268 1768 479 1819; x_wconf 65' lang='lat' dir='ltr'>Urbinaffis,</span> <span class='ocrx_word' id='word_1_138' title='bbox 524 1775 591 1809; x_wconf 90' lang='lat' dir='ltr'>aut</span> <span class='ocrx_word' id='word_1_139' title='bbox 625 1784 673 1809; x_wconf 84' lang='lat' dir='ltr'>ex</span> <span class='ocrx_word' id='word_1_140' title='bbox 702 1770 736 1809; x_wconf 92' lang='lat' dir='ltr'>N</span> <span class='ocrx_word' id='word_1_141' title='bbox 765 1770 852 1821; x_wconf 87' lang='lat' dir='ltr'>ipso</span> <span class='ocrx_word' id='word_1_142' title='bbox 896 1770 1016 1821; x_wconf 82' lang='lat' dir='ltr'>aliqui</span> <span class='ocrx_word' id='word_1_143' title='bbox 1061 1771 1180 1809; x_wconf 81' lang='lat' dir='ltr'>codex</span> <span class='ocrx_word' id='word_1_144' title='bbox 1225 1770 1423 1808; x_wconf 84' lang='lat' dir='ltr'>derivatus</span> <span class='ocrx_word' id='word_1_145' title='bbox 1459 1775 1530 1817; x_wconf 74' lang='lat' dir='ltr'>est,</span> <span class='ocrx_word' id='word_1_146' title='bbox 1575 1784 1689 1819; x_wconf 85' lang='lat' dir='ltr'>quem</span> 
     </span>
     <span class='ocr_line' id='line_1_24' title="bbox 263 1829 1688 1885; baseline 0 -14"><span class='ocrx_word' id='word_1_147' title='bbox 263 1835 431 1885; x_wconf 85' lang='lat' dir='ltr'>primum</span> <span class='ocrx_word' id='word_1_148' title='bbox 471 1834 570 1871; x_wconf 81' lang='lat' dir='ltr'>alter</span> <span class='ocrx_word' id='word_1_149' title='bbox 604 1834 663 1871; x_wconf 86' lang='lat' dir='ltr'>vir</span> <span class='ocrx_word' id='word_1_150' title='bbox 698 1834 879 1884; x_wconf 88' lang='lat' dir='ltr'>correxit,</span> <span class='ocrx_word' id='word_1_151' title='bbox 921 1839 1003 1872; x_wconf 84' lang='lat' dir='ltr'>tum</span> <span class='ocrx_word' id='word_1_152' title='bbox 1043 1829 1224 1872; x_wconf 81' lang='lat' dir='ltr'>librarius</span> <span class='ocrx_word' id='word_1_153' title='bbox 1255 1833 1456 1872; x_wconf 70' lang='lat' dir='ltr'>Urbinatis</span> <span class='ocrx_word' id='word_1_154' title='bbox 1498 1833 1688 1871; x_wconf 85' lang='lat' dir='ltr'>adhibuit.</span> 
     </span>
     <span class='ocr_line' id='line_1_25' title="bbox 265 1899 1690 1948; baseline -0.001 -10"><span class='ocrx_word' id='word_1_155' title='bbox 265 1899 362 1938; x_wconf 87' lang='lat' dir='ltr'>Cum</span> <span class='ocrx_word' id='word_1_156' title='bbox 402 1901 564 1938; x_wconf 85' lang='lat' dir='ltr'>multum</span> <span class='ocrx_word' id='word_1_157' title='bbox 604 1900 768 1948; x_wconf 76' lang='lat' dir='ltr'>intersit,</span> <span class='ocrx_word' id='word_1_158' title='bbox 810 1906 938 1939; x_wconf 88' lang='lat' dir='ltr'>utrum</span> <span class='ocrx_word' id='word_1_159' title='bbox 979 1902 1080 1939; x_wconf 83' lang='lat' dir='ltr'>hanc</span> <span class='ocrx_word' id='word_1_160' title='bbox 1121 1915 1169 1939; x_wconf 85' lang='lat' dir='ltr'>an</span> <span class='ocrx_word' id='word_1_161' title='bbox 1211 1901 1315 1939; x_wconf 86' lang='lat' dir='ltr'>illam</span> <span class='ocrx_word' id='word_1_162' title='bbox 1357 1900 1589 1938; x_wconf 82' lang='lat' dir='ltr'>sententiam</span> <span class='ocrx_word' id='word_1_163' title='bbox 1631 1914 1690 1937; x_wconf 88' lang='lat' dir='ltr'>se-</span> 
     </span>
    </p>
   </div>
   <div class='ocr_carea' id='block_1_8' title="bbox 264 1963 1690 2147">
    <p class='ocr_par' dir='ltr' id='par_1_8' title="bbox 264 1963 1690 2147">
     <span class='ocr_line' id='line_1_26' title="bbox 264 1963 1689 2024; baseline -0.001 -21"><span class='ocrx_word' id='word_1_164' title='bbox 264 1978 428 2015; x_wconf 85' lang='lat' dir='ltr'>quamur</span> <span class='ocrx_word' id='word_1_165' title='bbox 473 1987 521 2024; x_wconf 54' lang='grc' dir='ltr'>-ῖ</span> <span class='ocrx_word' id='word_1_166' title='bbox 565 1964 597 2003; x_wconf 82' lang='lat' dir='ltr'>si</span> <span class='ocrx_word' id='word_1_167' title='bbox 642 1964 743 2002; x_wconf 75' lang='lat' dir='ltr'>enini</span> <span class='ocrx_word' id='word_1_168' title='bbox 776 1965 809 2003; x_wconf 71' lang='grc' dir='ltr'><em>Γ</em></span> <span class='ocrx_word' id='word_1_169' title='bbox 843 1979 965 2016; x_wconf 82' lang='lat' dir='ltr'>nepos</span> <span class='ocrx_word' id='word_1_170' title='bbox 1000 1970 1070 2012; x_wconf 75' lang='lat' dir='ltr'>est,</span> <span class='ocrx_word' id='word_1_171' title='bbox 1116 1970 1158 2003; x_wconf 89' lang='lat' dir='ltr'>ut</span> <span class='ocrx_word' id='word_1_172' title='bbox 1192 1966 1247 2003; x_wconf 86' lang='lat' dir='ltr'>ita</span> <span class='ocrx_word' id='word_1_173' title='bbox 1283 1964 1423 2013; x_wconf 87' lang='lat' dir='ltr'>dicam,</span> <span class='ocrx_word' id='word_1_174' title='bbox 1466 1963 1613 2003; x_wconf 87' lang='lat' dir='ltr'>codicis</span> <span class='ocrx_word' id='word_1_175' title='bbox 1643 1964 1689 2013; x_wconf 88' lang='lat' dir='ltr'>N,</span> 
     </span>
     <span class='ocr_line' id='line_1_27' title="bbox 264 2029 1689 2082; baseline -0.001 -14"><span class='ocrx_word' id='word_1_176' title='bbox 264 2029 421 2068; x_wconf 91' lang='lat' dir='ltr'>omnino</span> <span class='ocrx_word' id='word_1_177' title='bbox 461 2030 617 2082; x_wconf 79' lang='lat' dir='ltr'>neglegi</span> <span class='ocrx_word' id='word_1_178' title='bbox 651 2034 781 2081; x_wconf 86' lang='lat' dir='ltr'>potest</span> <span class='ocrx_word' id='word_1_179' title='bbox 816 2036 980 2081; x_wconf 85' lang='lat' dir='ltr'>excepto</span> <span class='ocrx_word' id='word_1_180' title='bbox 1014 2029 1082 2068; x_wconf 92' lang='lat' dir='ltr'>illo</span> <span class='ocrx_word' id='word_1_181' title='bbox 1112 2030 1211 2079; x_wconf 83' lang='lat' dir='ltr'>loco,</span> <span class='ocrx_word' id='word_1_182' title='bbox 1254 2029 1318 2068; x_wconf 78' lang='lat' dir='ltr'>ubi</span> <span class='ocrx_word' id='word_1_183' title='bbox 1350 2030 1383 2067; x_wconf 80' lang='lat' dir='ltr'>N</span> <span class='ocrx_word' id='word_1_184' title='bbox 1414 2029 1558 2078; x_wconf 82' lang='lat' dir='ltr'>deficit⁷</span> <span class='ocrx_word' id='word_1_185' title='bbox 1602 2029 1624 2067; x_wconf 88' lang='lat' dir='ltr'>i.</span> <span class='ocrx_word' id='word_1_186' title='bbox 1657 2044 1689 2067; x_wconf 88' lang='lat' dir='ltr'>e.</span> 
     </span>
     <span class='ocr_line' id='line_1_28' title="bbox 264 2095 1690 2147; baseline 0 -15"><span class='ocrx_word' id='word_1_187' title='bbox 264 2095 319 2133; x_wconf 85' lang='lat' dir='ltr'>IV</span> <span class='ocrx_word' id='word_1_188' title='bbox 351 2097 412 2144; x_wconf 81' lang='lat'>11,</span> <span class='ocrx_word' id='word_1_189' title='bbox 447 2096 603 2133; x_wconf 71' lang='lat'>17-76</span> <span class='ocrx_word' id='word_1_190' title='bbox 635 2119 685 2122; x_wconf 92' lang='lat'>—</span> <span class='ocrx_word' id='word_1_191' title='bbox 721 2095 813 2146; x_wconf 82' lang='lat' dir='ltr'>quid</span> <span class='ocrx_word' id='word_1_192' title='bbox 849 2109 920 2147; x_wconf 84' lang='lat' dir='ltr'>ego</span> <span class='ocrx_word' id='word_1_193' title='bbox 956 2095 1005 2133; x_wconf 89' lang='lat' dir='ltr'>de</span> <span class='ocrx_word' id='word_1_194' title='bbox 1039 2095 1114 2134; x_wconf 88' lang='lat' dir='ltr'>hac</span> <span class='ocrx_word' id='word_1_195' title='bbox 1148 2109 1189 2133; x_wconf 84' lang='lat' dir='ltr'>re</span> <span class='ocrx_word' id='word_1_196' title='bbox 1225 2095 1406 2144; x_wconf 81' lang='lat' dir='ltr'>iudicem⁷</span> <span class='ocrx_word' id='word_1_197' title='bbox 1449 2095 1579 2134; x_wconf 81' lang='lat' dir='ltr'>dicere</span> <span class='ocrx_word' id='word_1_198' title='bbox 1613 2109 1690 2133; x_wconf 92' lang='lat' dir='ltr'>non</span> 
     </span>
    </p>
   </div>
   <div class='ocr_carea' id='block_1_9' title="bbox 263 2160 1744 2342">
    <p class='ocr_par' dir='ltr' id='par_1_9' title="bbox 263 2160 1744 2342">
     <span class='ocr_line' id='line_1_29' title="bbox 263 2160 1691 2212; baseline 0 -13"><span class='ocrx_word' id='word_1_199' title='bbox 263 2163 584 2211; x_wconf 75' lang='lat' dir='ltr'>praetermittam.</span> <span class='ocrx_word' id='word_1_200' title='bbox 628 2160 725 2199; x_wconf 79' lang='lat' dir='ltr'>Mihi</span> <span class='ocrx_word' id='word_1_201' title='bbox 755 2161 911 2212; x_wconf 81' lang='lat' dir='ltr'>quidem</span> <span class='ocrx_word' id='word_1_202' title='bbox 934 2160 1102 2199; x_wconf 80' lang='lat' dir='ltr'>Urbinas</span> <span class='ocrx_word' id='word_1_203' title='bbox 1123 2161 1282 2199; x_wconf 87' lang='lat' dir='ltr'>fluxisse</span> <span class='ocrx_word' id='word_1_204' title='bbox 1313 2160 1468 2199; x_wconf 85' lang='lat' dir='ltr'>videtur</span> <span class='ocrx_word' id='word_1_205' title='bbox 1488 2175 1535 2199; x_wconf 86' lang='lat' dir='ltr'>ex</span> <span class='ocrx_word' id='word_1_206' title='bbox 1557 2160 1691 2199; x_wconf 81' lang='lat' dir='ltr'>codice</span> 
     </span>
     <span class='ocr_line' id='line_1_30' title="bbox 263 2225 1690 2277; baseline -0.001 -13"><span class='ocrx_word' id='word_1_207' title='bbox 263 2225 409 2277; x_wconf 86' lang='lat' dir='ltr'>aliquo,</span> <span class='ocrx_word' id='word_1_208' title='bbox 446 2226 511 2277; x_wconf 89' lang='lat' dir='ltr'>qui</span> <span class='ocrx_word' id='word_1_209' title='bbox 547 2240 623 2265; x_wconf 91' lang='lat' dir='ltr'>non</span> <span class='ocrx_word' id='word_1_210' title='bbox 655 2231 851 2265; x_wconf 78' lang='lat' dir='ltr'>correctus</span> <span class='ocrx_word' id='word_1_211' title='bbox 886 2231 998 2277; x_wconf 86' lang='lat' dir='ltr'>pater</span> <span class='ocrx_word' id='word_1_212' title='bbox 1026 2225 1099 2264; x_wconf 79' lang='lat' dir='ltr'>fuit</span> <span class='ocrx_word' id='word_1_213' title='bbox 1128 2225 1390 2277; x_wconf 82' lang='lat' dir='ltr'>Neapolitani.</span> <span class='ocrx_word' id='word_1_214' title='bbox 1450 2227 1690 2277; x_wconf 85' lang='lat' dir='ltr'>Argumento</span> 
     </span>
     <span class='ocr_line' id='line_1_31' title="bbox 264 2289 1744 2342; baseline 0.001 -13"><span class='ocrx_word' id='word_1_215' title='bbox 264 2296 395 2330; x_wconf 80' lang='lat' dir='ltr'>autem</span> <span class='ocrx_word' id='word_1_216' title='bbox 422 2291 494 2330; x_wconf 85' lang='lat' dir='ltr'>hos</span> <span class='ocrx_word' id='word_1_217' title='bbox 523 2292 631 2330; x_wconf 83' lang='lat' dir='ltr'>locos</span> <span class='ocrx_word' id='word_1_218' title='bbox 662 2305 747 2330; x_wconf 77' lang='lat' dir='ltr'>esse</span> <span class='ocrx_word' id='word_1_219' title='bbox 778 2304 935 2330; x_wconf 88' lang='lat' dir='ltr'>censeo:</span> <span class='ocrx_word' id='word_1_220' title='bbox 967 2289 1009 2329; x_wconf 85' lang='lat' dir='ltr'>ln</span> <span class='ocrx_word' id='word_1_221' title='bbox 1041 2290 1223 2329; x_wconf 78' lang='lat' dir='ltr'>carminis</span> <span class='ocrx_word' id='word_1_222' title='bbox 1253 2291 1335 2329; x_wconf 66' lang='lat' dir='ltr'>11ss</span> <span class='ocrx_word' id='word_1_223' title='bbox 1368 2306 1423 2330; x_wconf 83' lang='lat' dir='ltr'>vs.</span> <span class='ocrx_word' id='word_1_224' title='bbox 1447 2293 1495 2331; x_wconf 81' lang='grc'>26</span> <span class='ocrx_word' id='word_1_225' title='bbox 1526 2290 1691 2342; x_wconf 85' lang='lat' dir='ltr'>legimus</span> <span class='ocrx_word' id='word_1_226' title='bbox 1736 2323 1744 2330; x_wconf 90' lang='lat'><strong>.</strong></span> 
     </span>
    </p>
   </div>
   <div class='ocr_carea' id='block_1_10' title="bbox 262 2363 1693 2640">
    <p class='ocr_par' dir='ltr' id='par_1_10' title="bbox 262 2363 1693 2640">
     <span class='ocr_line' id='line_1_32' title="bbox 1528 2363 1533 2376; baseline 0 0"><span class='ocrx_word' id='word_1_227' title='bbox 1528 2363 1533 2376; x_wconf 83' lang='grc'><strong><em>,</em></strong></span> 
     </span>
     <span class='ocr_line' id='line_1_33' title="bbox 266 2387 1691 2440; baseline 0.001 -15"><span class='ocrx_word' id='word_1_228' title='bbox 266 2390 305 2427; x_wconf 89' lang='lat' dir='ltr'>in</span> <span class='ocrx_word' id='word_1_229' title='bbox 326 2389 360 2427; x_wconf 93' lang='lat' dir='ltr'>N</span> <span class='ocrx_word' id='word_1_230' title='bbox 391 2387 536 2436; x_wconf 76' lang='lat' dir='ltr'>cuiuis,</span> <span class='ocrx_word' id='word_1_231' title='bbox 566 2389 606 2428; x_wconf 90' lang='lat' dir='ltr'>in</span> <span class='ocrx_word' id='word_1_232' title='bbox 626 2390 657 2428; x_wconf 79' lang='lat' dir='ltr'>F</span> <span class='ocrx_word' id='word_1_233' title='bbox 678 2387 795 2427; x_wconf 68' lang='lat' dir='ltr'>euius</span> <span class='ocrx_word' id='word_1_234' title='bbox 824 2387 981 2439; x_wconf 72' lang='lat' dir='ltr'>(quoius</span> <span class='ocrx_word' id='word_1_235' title='bbox 1007 2389 1054 2437; x_wconf 82' lang='lat' dir='ltr'>D,</span> <span class='ocrx_word' id='word_1_236' title='bbox 1075 2387 1212 2437; x_wconf 69' lang='lat' dir='ltr'>quovis</span> <span class='ocrx_word' id='word_1_237' title='bbox 1231 2388 1297 2440; x_wconf 81' lang='lat' dir='ltr'>V),</span> <span class='ocrx_word' id='word_1_238' title='bbox 1321 2389 1358 2428; x_wconf 91' lang='lat' dir='ltr'>in</span> <span class='ocrx_word' id='word_1_239' title='bbox 1379 2390 1413 2428; x_wconf 67' lang='lat'>1?</span> <span class='ocrx_word' id='word_1_240' title='bbox 1436 2387 1551 2426; x_wconf 68' lang='lat' dir='ltr'>euius</span> <span class='ocrx_word' id='word_1_241' title='bbox 1570 2388 1691 2439; x_wconf 63' lang='lat' dir='ltr'>(sid).</span> 
     </span>
     <span class='ocr_line' id='line_1_34' title="bbox 262 2446 1693 2506; baseline 0 -15"><span class='ocrx_word' id='word_1_242' title='bbox 262 2454 446 2493; x_wconf 84' lang='lat' dir='ltr'>Fortasse</span> <span class='ocrx_word' id='word_1_243' title='bbox 476 2455 670 2506; x_wconf 86' lang='lat' dir='ltr'>quispiam</span> <span class='ocrx_word' id='word_1_244' title='bbox 701 2446 845 2493; x_wconf 79' lang='lat' dir='ltr'>dixerit</span> <span class='ocrx_word' id='word_1_245' title='bbox 873 2454 969 2492; x_wconf 84' lang='lat' dir='ltr'>satis</span> <span class='ocrx_word' id='word_1_246' title='bbox 999 2454 1171 2493; x_wconf 87' lang='lat' dir='ltr'>dilucide</span> <span class='ocrx_word' id='word_1_247' title='bbox 1201 2468 1249 2492; x_wconf 92' lang='lat' dir='ltr'>ex</span> <span class='ocrx_word' id='word_1_248' title='bbox 1275 2455 1350 2493; x_wconf 82' lang='lat' dir='ltr'>hoc</span> <span class='ocrx_word' id='word_1_249' title='bbox 1371 2468 1484 2492; x_wconf 79' lang='lat' dir='ltr'>versu</span> <span class='ocrx_word' id='word_1_250' title='bbox 1505 2467 1693 2504; x_wconf 85' lang='lat' dir='ltr'>apparere</span> 
     </span>
     <span class='ocr_line' id='line_1_35' title="bbox 262 2518 1693 2572; baseline 0.001 -14"><span class='ocrx_word' id='word_1_251' title='bbox 262 2518 466 2559; x_wconf 86' lang='lat' dir='ltr'>librarium</span> <span class='ocrx_word' id='word_1_252' title='bbox 492 2520 630 2559; x_wconf 80' lang='lat' dir='ltr'>eodem</span> <span class='ocrx_word' id='word_1_253' title='bbox 659 2524 835 2572; x_wconf 84' lang='lat' dir='ltr'>tempore</span> <span class='ocrx_word' id='word_1_254' title='bbox 865 2518 1015 2559; x_wconf 84' lang='lat' dir='ltr'>duobus</span> <span class='ocrx_word' id='word_1_255' title='bbox 1046 2520 1336 2572; x_wconf 77' lang='lat' dir='ltr'>exemplaribus</span> <span class='ocrx_word' id='word_1_256' title='bbox 1368 2533 1479 2558; x_wconf 89' lang='lat' dir='ltr'>usum</span> <span class='ocrx_word' id='word_1_257' title='bbox 1509 2532 1607 2567; x_wconf 85' lang='lat' dir='ltr'>esse,</span> <span class='ocrx_word' id='word_1_258' title='bbox 1638 2518 1693 2559; x_wconf 86' lang='lat' dir='ltr'>ita</span> 
     </span>
     <span class='ocr_line' id='line_1_36' title="bbox 264 2584 1692 2640; baseline 0.001 -17"><span class='ocrx_word' id='word_1_259' title='bbox 264 2584 433 2635; x_wconf 76' lang='lat' dir='ltr'>quidem⁷</span> <span class='ocrx_word' id='word_1_260' title='bbox 478 2591 521 2624; x_wconf 86' lang='lat' dir='ltr'>ut</span> <span class='ocrx_word' id='word_1_261' title='bbox 564 2585 730 2637; x_wconf 86' lang='lat' dir='ltr'>primum</span> <span class='ocrx_word' id='word_1_262' title='bbox 776 2600 822 2624; x_wconf 88' lang='lat' dir='ltr'>ex</span> <span class='ocrx_word' id='word_1_263' title='bbox 867 2585 1000 2624; x_wconf 76' lang='lat' dir='ltr'>codice</span> <span class='ocrx_word' id='word_1_264' title='bbox 1044 2585 1227 2636; x_wconf 67' lang='lat' dir='ltr'>quodam‚</span> <span class='ocrx_word' id='word_1_265' title='bbox 1273 2584 1611 2640; x_wconf 62' lang='lat' dir='ltr'>qui-&#39;tribuendus</span> <span class='ocrx_word' id='word_1_266' title='bbox 1643 2585 1692 2624; x_wconf 84' lang='lat' dir='ltr'>sit</span> 
     </span>
    </p>
   </div>
  </div>
 </body>
</html>
