1980 3090
840 241 1078 278 ..91-

249 375 413 420 apparet
432 375 472 408 et
490 384 539 408 ex
558 384 673 409 versu
691 371 759 410 illo
779 368 971 415 Enniano,
1002 385 1117 422 quem
1138 370 1242 421 apud
1261 370 1297 408 N
1300 369 1432 408 onium
1443 369 1472 416 ¹)
1492 368 1675 419 legimus,

250 432 330 482 Qui
363 433 480 473 illum
519 434 562 474 di
599 436 770 484 deaeque
804 448 946 486 maqno
979 434 1212 475 maetassz'nt
1246 433 1360 482 malo,
1398 438 1437 473 et
1466 447 1515 473 ex
1543 432 1674 473 Plaut.

247 499 350 538 Men.
373 502 523 550 5‚5‚31':
555 499 634 548 Qui
662 503 697 539 te
716 500 881 551 Jupiter
909 500 1028 549 dique
1058 512 1189 539 omnes
1215 498 1418 548 perduint.
1471 498 1550 538 Sed
1579 498 1675 550 quid

248 565 323 604 sibi
347 566 466 605 vellet
491 566 566 606 hoc
594 567 680 606 loco
710 567 926 607 enuntiatio
955 566 1176 606 rhetorica?
1204 566 1328 605 Immo
1348 563 1527 604 Nestoris
1547 563 1673 603 fatum

246 643 270 668 a
297 630 501 682 Propertio
535 645 613 669 non
642 631 718 670 nisi
747 645 793 671 ea
821 632 869 671 de
904 645 1024 671 causa
1059 635 1396 679 commemoratur,
1438 629 1545 680 quod
1580 629 1673 667 inde

246 695 413 745 evideat,
444 703 631 747 quantum
658 697 853 736 interdum
881 698 1028 737 bonum
1057 697 1108 736 sit
1136 710 1241 739 mors
1270 696 1492 736 immatura.
1532 694 1672 745 Neque

246 759 457 800 verisimile
504 766 564 800 est
606 762 725 813 paulo
772 766 862 814 post
903 774 1040 801 versus
1084 762 1134 802 43
1161 774 1249 812 vsq„
1298 759 1364 811 qui
1404 764 1496 798 sunt
1538 759 1670 806 Atque

244 824 400 863 utinam
438 825 583 874 primis
624 826 799 865 animam
841 839 901 864 me
932 838 1083 874 ponere
1124 825 1240 863 cunis
1282 824 1464 863 iussisset
1505 821 1669 871 quaevis

244 889 291 928 de
334 889 461 928 tribus
502 902 585 928 una
625 902 745 940 soror,
789 892 952 931 alteram
995 890 1321 930 exclamationem
1363 903 1387 928 a
1420 893 1538 941 poeta
1581 900 1668 926 esse

242 956 449 996 adiectam.
483 957 620 1009 Itaque
650 957 726 997 alio
746 958 861 997 modo
890 957 1000 996 illam
1019 958 1254 999 sententiam
1275 954 1532 1007 explicemus!
1574 954 1667 993 Jam

241 1022 442 1062 Livineius
460 1039 462 1042 ’
482 1022 655 1065 coniecit
686 1023 726 1062 in
765 1037 861 1063 voce
902 1021 1000 1070 Quis
1038 1023 1159 1061 verba
1198 1020 1277 1060 Cui
1310 1020 1345 1059 si
1387 1022 1522 1069 latere,
1566 1033 1667 1071 quae

243 1101 376 1126 omnes
405 1088 497 1138 fere,
528 1088 593 1140 qui
621 1088 815 1140 Propertii
845 1088 1019 1127 carmina
1048 1087 1264 1136 ediderunt,
1305 1087 1344 1125 in
1372 1092 1524 1125 textum
1558 1099 1666 1124 rece-

243 1159 395 1205 perunt.
452 1154 505 1193 At
539 1158 668 1193 tamen
701 1168 780 1193 non
817 1154 934 1206 plane
968 1153 1025 1194 illi
1062 1152 1136 1191 viri
1175 1152 1277 1191 inter
1316 1166 1359 1191 se
1399 1150 1666 1191 consentiunt:

240 1219 466 1257 Lachmann
486 1220 643 1270 quidem
662 1224 702 1258 et
715 1219 862 1258 Hosius
883 1233 1018 1258 vocem
1039 1220 1121 1256 tam
1140 1218 1180 1256 in
1197 1218 1228 1256 O
1244 1218 1431 1256 traditam
1451 1219 1665 1255 retinentes

241 1283 450 1334 lonqaevae
476 1284 513 1324 in
538 1283 674 1334 lonqae
692 1289 954 1325 mutaverunt.
984 1284 1120 1324 Butler
1139 1288 1282 1333 autem,
1313 1282 1380 1335 qui
1400 1283 1563 1323 verbum
1583 1283 1666 1321 tam

240 1363 288 1387 ex
315 1354 426 1388 textu
453 1356 639 1399 removet,
668 1350 877 1389 lectionem
898 1349 1110 1399 lonqaevae
1140 1350 1327 1399 defendit,
1357 1354 1476 1397 recte,
1506 1353 1550 1386 ut
1569 1347 1665 1385 mihi

239 1414 395 1466 quidem
425 1415 588 1454 videtur.
646 1416 782 1467 Neque
812 1415 923 1454 enim'
945 1429 1044 1460 esse,
1080 1430 1149 1455 cur
1177 1415 1218 1454 in
1248 1414 1460 1463 lonqaevae
1488 1414 1665 1450 senectae

239 1481 492 1531 offendamus,
536 1481 787 1534 cognoscitur
830 1495 878 1521 ex
921 1482 1008 1521 loco
1050 1481 1293 1534 Vergiliano,
1342 1480 1409 1532 qui
1452 1483 1582 1519 exstat
1624 1477 1664 1516 in

236 1546 333 1585 Aen.
363 1546 397 1585 V
429 1549 518 1596 715,
562 1546 843 1597 lonqaevosque
872 1559 985 1585 senes
1015 1559 1060 1585 ac
1088 1546 1217 1596 fessas
1253 1558 1421 1594 aequore
1448 1546 1596 1582 matres
1620 1548 1665 1582 et

237 1625 285 1650 ex
314 1626 439 1661 versu,
476 1626 592 1663 quem
620 1614 842 1664 composuit
869 1612 1063 1653 Martialis
1072 1612 1117 1663 2),
1152 1613 1245 1652 hoc:
1290 1610 1372 1650 Nec
1406 1623 1446 1650 se
1482 1608 1661 1657 miretur,

236 1675 394 1725 Caesar,
425 1676 614 1727 lonqaeva
641 1679 826 1716 vetustas.
881 1678 1111 1730 Propertius
1140 1678 1260 1731 igitur
1289 1677 1445 1729 scripsit

472 1741 550 1781 Cui
577 1742 613 1781 si
642 1743 853 1793 lonqaevae
882 1742 1091 1783 minuisset
1118 1743 1207 1793 fata
1235 1746 1423 1782 senectae.

236 1808 385 1847 Deinde
427 1808 660 1861 scripturam
703 1807 781 1847 Cui
812 1808 850 1848 si
891 1810 932 1849 in
974 1808 1107 1860 (Cuis)
1140 1809 1242 1858 Quis
1284 1810 1536 1861 depravatam
1574 1820 1688 1860 esse⁴

234 1878 340 1925 puto.
384 1874 494 1924 Tum,
524 1879 568 1913 ut
594 1879 762 1914 metrum
791 1881 1008 1926 sanaretur,
1038 1877 1088 1916 ab
1118 1876 1249 1928 aliquo
1271 1876 1353 1915 viro
1374 1877 1454 1913 tam
1483 1873 1659 1913 additum

233 1952 318 1977 esse
348 1939 443 1977 mihi
462 1939 629 1979 videtur.
665 1940 769 1993 Ergo
790 1941 972 1981 codicum
992 1941 1037 1991 O,
1067 1956 1146 1981 non
1165 1942 1339 1981 Lusatici
1359 1941 1476 1980 lectio
1496 1938 1657 1991 propius

232 2004 344 2043 abest
359 2018 382 2043 a
396 2005 574 2055 veritate,
592 2020 679 2045 cum
694 2020 774 2046 una
788 2006 828 2045 in
842 2007 934 2057 illis,
951 2007 991 2046 in
1006 2008 1083 2047 hoc
1098 2008 1197 2047 duae
1213 2007 1367 2047 litterae
1383 2008 1550 2046 omissae
1567 2003 1656 2043 sint.

339 2080 468 2120 Etiam
496 2083 535 2120 in
565 2096 681 2122 versu
709 2083 748 2121 II
774 2085 865 2133 31,5
894 2083 935 2122 in
965 2084 997 2123 O
1027 2084 1227 2124 meliorem
1255 2085 1462 2124 lectionem
1491 2081 1658 2121 inveniri

231 2147 411 2187 existimo
431 2162 549 2200 quam
568 2148 608 2188 in
628 2150 653 2188 1.
684 2149 892 2190 Lusaticus
912 2151 1076 2203 praebet
1095 2149 1265 2200 quidem,
1285 2151 1321 2190 N
1322 2151 1422 2190 FLU
1434 2164 1458 2188 v
1479 2147 1658 2197 equidem

229 2214 387 2263 habent,
407 2213 448 2252 in
463 2214 549 2267 DV¹
576 2216 723 2264 eadem,
744 2217 849 2268 quod
865 2230 982 2256 sensu
997 2222 1117 2267 caret,
1138 2217 1251 2256 nobis
1272 2217 1452 2256 occurrit.
1485 2215 1657 2262 Quarum

227 2278 441 2317 lectionum
458 2281 607 2319 nullam
636 2287 784 2320 rectam
814 2296 913 2331 esse,
945 2283 1014 2321 sed
1034 2281 1209 2330 quidam,
1240 2283 1344 2334 quod
1364 2296 1411 2320 ex
1431 2282 1655 2320 Marklandi

229 2343 454 2383 coniectura
467 2344 695 2385 Lachmann
710 2347 836 2386 textui
851 2346 1029 2397 inseruit,
1046 2347 1235 2399 postulari
1251 2347 1424 2386 Koehler
1440 2347 1653 2387 contendit.

228 2408 307 2447 Sed
340 2422 469 2447 nonne
502 2410 599 2448 illud
628 2410 808 2458 equidem
841 2412 1020 2462 plurimis
1056 2413 1256 2451 codicibus
1291 2412 1478 2450 traditum
1507 2412 1656 2462 optime

335 2549 368 2590 1)
385 2550 533 2592 Vahlen,
546 2551 726 2585 Ennianae
742 2553 860 2594 poesis
873 2553 1045 2594 reliquiae
1058 2553 1111 2586 ed.
1129 2553 1170 2586 11.
1196 2553 1335 2594 Lipsiae
1350 2554 1443 2586 1903.
1460 2553 1564 2594 frgm.
1579 2555 1653 2588 333.

332 2605 366 2639 2)
391 2604 434 2638 cf.
458 2604 559 2639 Mart.
583 2606 693 2648 epigr.
717 2607 779 2640 lib.
803 2608 857 2648 5,3
879 2608 947 2647 (ed.
973 2607 1222 2641 Friedlaender
1245 2610 1269 2642 t.
1295 2608 1306 2641 1
1332 2618 1364 2650 p.
1384 2609 1473 2648 146).
