1980 3090
863 250 1105 286 ..74-

268 391 354 416 esse
384 382 559 429 apparet.
624 377 703 416 Sed
739 378 788 416 de
825 379 900 417 hoc
929 379 1038 418 fonte
1066 378 1163 417 nihil
1193 378 1290 417 certi
1325 378 1456 418 dicere
1484 392 1705 430 possumus,

267 442 372 493 quod
412 442 620 482 Lusaticus
663 443 781 482 modo
826 445 1024 483 consentit
1068 458 1155 484 cum
1195 443 1285 493 FL,
1328 444 1446 483 modo
1490 458 1578 483 cum
1607 444 1703 484 DV.

268 508 448 559 Denique
490 509 679 547 nonnulla
720 509 889 547 fortasse
929 509 1079 548 librarii
1120 522 1250 548 errore
1285 514 1383 558 orta,
1419 508 1498 548 alia
1526 510 1705 548 consulto

271 573 321 611 ab
351 573 419 612 illo
450 578 626 612 correcta
659 578 767 622 sunt3
811 588 901 613 nam
933 574 1238 627 suam-quisque
1264 573 1475 613 -scribendi
1513 574 1706 614 rationem

267 637 345 677 illis
379 638 623 690 temporibus
665 638 921 689 adhibebant,
967 640 1034 692 qui
1072 645 1248 679 veterum
1287 644 1492 691 poetarum
1532 640 1707 679 carmina

266 703 390 742 literis
446 703 789 756 consignaverunt.
872 705 960 744 Hoc
1015 705 1135 757 igitur
1186 705 1304 744 modo
1350 705 1526 744 Lusatici
1572 710 1704 744 textus

268 770 521 819 kcompositus
548 769 637 817 est',
666 783 744 808 non
766 783 843 821 quo
863 770 1038 809 Koehler
1058 770 1204 819 docuit,
1234 768 1301 821 qui
1322 771 1441 808 etiam
1461 770 1703 822 singulorum

265 834 475 872 verborum
504 834 669 873 alteram
703 839 857 885 partem
896 849 944 873 ex
979 850 1017 885 x,
1061 836 1225 874 alteram
1254 848 1303 873 ex
1330 849 1356 885 y
1384 839 1582 886 receptam
1617 849 1704 874 esse

265 903 391 950 putat,
422 913 539 950 quam
569 899 807 939 sententiam
836 906 944 940 recte
979 900 1217 953 improbavit
1243 900 1449 940 Heukrath
1483 899 1524 939 in
1558 899 1702 940 disser-

265 964 427 1003 tationis
456 979 544 1016 pag.
578 966 642 1003 58.

374 1030 622 1081 Priusquam,
653 1030 768 1082 quale
798 1030 967 1082 pretium
998 1030 1055 1069 illi
1084 1030 1184 1069 libro
1214 1032 1424 1069 commixto
1449 1030 1701 1069 tribuendum

266 1094 328 1142 sit,
374 1109 533 1146 quaero,
585 1095 632 1133 de
678 1095 861 1134 Vaticani
905 1097 1011 1134 3273
1057 1095 1207 1147 origine
1247 1109 1373 1146 pauca
1416 1095 1555 1134 dicam.
1628 1094 1703 1141 Qui

267 1160 392 1198 codex
433 1160 482 1199 ab
522 1160 703 1199 omnibus
738 1161 819 1199 fere
854 1160 961 1206 viris,
1007 1160 1073 1212 qui
1110 1161 1158 1199 de
1205 1160 1406 1200 codicibus
1434 1160 1702 1212 Propertianis

267 1225 549 1274 disseruerunt,
589 1226 705 1276 plane
742 1226 945 1281 neglectus
982 1231 1054 1275 est,
1097 1240 1144 1265 ea
1172 1226 1221 1264 de
1251 1239 1370 1265 causa
1398 1225 1561 1274 scilicet,
1597 1226 1703 1277 quod

267 1290 544 1330 auctoritatem
575 1290 672 1330 'eius
717 1291 915 1330 minimam
963 1305 1049 1330 esse
1093 1291 1141 1330 iis
1185 1305 1416 1342 persuasum
1458 1296 1553 1330 erat.
1617 1291 1703 1330 Hoc

265 1357 382 1394 modo
426 1355 583 1403 accidit,
627 1362 671 1394 ut
713 1370 840 1406 neque
871 1356 1042 1394 Koehler
1087 1370 1214 1407 neque
1243 1356 1448 1395 Heukrath
1482 1355 1522 1394 in
1557 1345 1701 1394 disser-

266 1420 482 1461 tationibus
511 1420 633 1459 ullum
668 1421 831 1459 verbum
866 1421 914 1459 de
951 1434 997 1459 eo
1033 1421 1220 1459 facerent.
1278 1420 1408 1460 Etiam
1441 1420 1615 1469 Hosiuss
1635 1421 1702 1472 qui

264 1486 304 1524 in
339 1486 440 1523 Mus.
475 1485 615 1532 Rhen„
656 1485 760 1536 quod
795 1485 1035 1534 inscribitur,
1076 1490 1183 1524 tomo
1220 1487 1284 1524 46.
1315 1484 1405 1524 inde
1442 1499 1466 1524 a
1502 1499 1591 1537 pag.
1623 1486 1702 1524 580

264 1550 488 1590 accuratius
532 1551 580 1589 de
615 1550 807 1590 Urbinate
851 1551 1038 1601 disputat,
1076 1550 1312 1590 Vaticanum
1346 1550 1457 1602 parvi
1492 1550 1701 1590 aestimare

264 1616 431 1665 videtur,
476 1630 564 1655 cum
607 1630 683 1654 non
724 1616 800 1654 nisi
841 1615 977 1667 paucis
1013 1630 1103 1655 eum
1137 1613 1317 1669 attingat.
1381 1616 1517 1667 Neque
1553 1620 1702 1655 certum

264 1681 451 1720 iudicium
487 1681 552 1720 ille
588 1681 636 1720 de
666 1696 712 1720 eo
741 1682 847 1721 facit.
906 1682 1005 1721 Nam
1041 1681 1081 1720 in
1116 1681 1218 1721 libro
1254 1686 1560 1721 commemorato
1589 1681 1700 1720 Vati-

266 1762 406 1787 canum
454 1762 502 1786 ex
546 1748 580 1786 U
621 1747 782 1787 fluxisse
832 1747 1045 1787 verisimile
1088 1762 1174 1787 esse
1218 1747 1326 1797 dicit,
1376 1749 1414 1786 in
1457 1746 1700 1799 praefatione

265 1813 449 1853 editionis
495 1813 586 1852 inde
619 1828 643 1852 a
681 1827 770 1865 pag.
808 1814 847 1852 X
890 1827 979 1852 eum
1019 1814 1186 1853 fortasse
1215 1812 1328 1864 (sicl)
1358 1812 1699 1865 consanguinitate

266 1878 518 1918 coniunctum
561 1892 646 1918 esse
683 1893 771 1918 cum
801 1878 986 1918 Lusatico
1023 1878 1193 1930 scripsit.
1252 1878 1360 1925 Quae
1399 1892 1487 1918 cum
1521 1878 1577 1917 ita
1610 1879 1699 1927 sint,

267 1944 315 1982 de
345 1944 496 1995 origine
526 1949 566 1983 et
594 1944 720 1995 pretio
751 1944 855 1983 illius
886 1944 1046 1993 codicis,
1077 1944 1127 1983 ad
1156 1958 1273 1995 quem
1292 1943 1438 1983 Hosius
1458 1943 1544 1994 ipse
1565 1943 1699 1982 oculos

266 2009 496 2060 animosque
526 2008 698 2048 omnium
728 2009 910 2058 advertit,
941 2009 1069 2048 denuo
1100 2009 1296 2060 agendum
1326 2022 1412 2048 esse
1441 2014 1549 2059 puto.

521 2182 672 2234 Caput.
702 2183 764 2223 ΙΙ.
821 2182 883 2222 De
914 2182 1060 2223 codice
1090 2182 1295 2223 Vaticano
1324 2181 1444 2221 3273.

374 2270 560 2309 Codicem
573 2270 811 2309 Vaticanum
828 2271 933 2309 3273
954 2269 1150 2308 artissime
1171 2270 1380 2309 cohaerere
1400 2283 1488 2308 cum
1508 2268 1699 2308 Urbinate

263 2337 370 2374 nullo
406 2336 523 2375 modo
557 2335 694 2388 negari
729 2340 872 2387 potest.
932 2335 1081 2373 Tantus
1124 2335 1226 2374 enim
1263 2340 1324 2374 est
1352 2348 1536 2374 numerus
1566 2348 1699 2373 earum

264 2401 490 2450 lectionum,
521 2415 621 2452 quae
652 2401 815 2439 eaedem
837 2400 899 2438 vel
929 2399 1077 2438 similes
1108 2405 1200 2438 sunt
1228 2399 1267 2438 in
1296 2400 1372 2438 hoc
1402 2404 1519 2450 atque
1548 2400 1588 2437 in
1617 2399 1697 2444 illo,

263 2473 306 2504 ut
336 2466 400 2504 vix
430 2466 497 2505 alii
528 2466 685 2506 codices
715 2466 963 2517 Propertiani
993 2465 1253 2513 inveniantur,
1290 2480 1454 2517 quorum
1485 2479 1697 2506 consensus

263 2531 388 2570 maior
418 2531 480 2571 sit.
545 2532 601 2571 Cf.
633 2532 789 2571 tabulas
819 2532 910 2570 inde
940 2545 964 2569 a
993 2545 1082 2582 pag.
1115 2532 1164 2571 62
1194 2531 1431 2583 propositas.
1485 2532 1539 2570 At
1566 2536 1697 2570 tamen

264 2597 499 2636 Vaticanum
530 2611 577 2635 ex
607 2597 693 2649 ipso
717 2597 907 2636 Urbinate
928 2596 1147 2635 derivatum
1169 2610 1255 2635 esse
1280 2610 1381 2649 nego
1412 2610 1459 2636 ea
1487 2597 1535 2635 de
1566 2610 1697 2645 causa,
