1980 3090
820 244 1057 283 ..13-

336 368 424 409 XII.
456 368 527 419 ⁴De
556 367 714 408 amore.'
773 369 811 407 3.
840 368 879 408 Is
931 371 990 409 10.
1019 370 1181 411 humero
1232 372 1292 412 12.
1324 371 1485 410 vulnere
1536 371 1598 410 15.
1629 383 1652 409 e

227 468 290 506 16.
319 467 591 517 Assiduusque
649 468 710 504 17.
741 466 855 516 Quid,
889 467 1099 507 iocundum
1128 473 1189 507 est
1248 470 1310 509 18.
1341 442 1420 508 ὃέᾶ
1448 482 1546 520 puer
1575 442 1648 518 (isat,

223 532 356 584 puella
383 537 451 571 tuo
509 532 572 572 22.
602 536 671 571 tua
699 538 732 570 e.

331 607 444 647 XIII.
503 607 577 656 ‘Ad
616 607 847 659 Cynthiam.'
933 611 967 648 1.
1007 610 1238 649 achimeniis
1276 615 1450 649 armatur
1488 615 1648 650 etrusca

223 675 259 713 4.
289 678 514 723 asscra‘eum
570 674 606 712 6.
635 671 822 712 hismaria
870 675 931 713 10.
960 675 1132 715 illustres
1191 677 1252 716 12.
1282 675 1416 728 pueris
1466 676 1528 715 13.
1558 675 1645 715 Hec

222 740 285 778 21.
316 738 493 788 hebui-no
536 739 599 778 22.
629 737 807 788 actalico‚
834 739 947 778 thoro
991 741 1055 780 25.
1084 741 1136 779 sit
1164 754 1307 793 magna
1350 742 1414 780 29.
1445 740 1642 792 Oscu1a¹q3

221 805 285 842 30.
316 804 409 842 onix
466 805 529 843 32.
558 803 724 854 paruula
778 805 841 843 37.
870 805 994 844 nostri
1027 803 1058 855 (i
1086 817 1136 843 ex
1165 804 1205 856 o)
1261 807 1324 844 38.
1354 807 1481 844 fuerat
1513 805 1642 856 pythii

220 870 285 909 45.
323 869 414 919 tore
468 869 533 907 46.
564 867 670 907 secla
725 869 788 907 47.
819 867 912 915 Quis
940 873 1021 908 tam
1047 869 1215 931 longene
1261 871 1325 909 49.
1354 869 1421 909 ille
1479 871 1541 909 53.
1572 869 1641 922 qui

220 936 282 973 55.
313 934 494 973 iacuisse.

326 1007 433 1049 XIV.
466 1009 537 1059 ‘De
565 1009 788 1060 receptione
816 1009 855 1049 in
884 1011 1023 1050 nocte.’
1083 1013 1117 1051 1.
1145 1010 1304 1062 trifipho
1334 1018 1356 1051 e
1413 1013 1448 1050 5.
1479 984 1637 1062 electr{‚

216 1075 415 1114 horestem
473 1077 534 1114 11.
577 1080 661 1114 tum
720 1076 780 1114 16.
821 1075 1004 1115 Conditio
1061 1077 1125 1115 25.
1167 1075 1340 1126 citherea
1396 1078 1460 1115 28.
1500 1090 1637 1116 amans

217 1142 282 1187 (an
310 1152 361 1178 ex
388 1140 429 1179 ni
457 1141 535 1192 m2)
592 1141 655 1180 29.
686 1141 817 1179 veniet
870 1141 933 1179 30.
963 1145 1117 1180 onusta.
1304 1128 1344 1159 ‘²'
1611 1183 1620 1207 i

322 1215 410 1255 XV.
458 1214 725 1256 Intervallum
770 1214 894 1253 unius
940 1227 1090 1263 versus,
1138 1214 1247 1253 deest
1291 1214 1447 1255 titulus.
1519 1217 1554 1257 1.
1596 1231 1637 1255 m

214 1283 250 1320 2.
292 1281 438 1321 delitiis
500 1282 536 1320 3.
575 1282 756 1333 apposita
817 1283 852 1320 5.
886 1287 997 1320 mecfi
1036 1286 1097 1320 est
1168 1283 1202 1320 7.
1237 1281 1363 1321 lassos
1412 1283 1450 1322 8.
1488 1281 1636 1321 siccine

211 1351 315 1428 130oe
365 1380 425 1419 13.
455 1379 593 1419 lacena
643 1380 702 1418 15.
725 1378 920 1418 endimion
969 1381 1031 1418 17.
1062 1378 1226 1418 cubares
1275 1380 1338 1419 22.
1369 1379 1435 1419 hic
1482 1381 1546 1421 25.
1569 1393 1633 1419 ca-

210 1479 331 1518 thena
377 1480 441 1520 29.
471 1480 606 1530 vesani
653 1480 717 1518 37.
746 1450 797 1528 rii,
826 1483 954 1518 tecum
997 1479 1060 1517 47.
1089 1478 1172 1517 Nec
1219 1480 1282 1517 49.
1312 1479 1430 1528 lucet,
1461 1493 1483 1518 o
1512 1477 1632 1517 omiss

210 1567 273 1605 53.
304 1532 556 1618 speramusm

316 1643 425 1682 XVI.
457 1644 530 1693 ,Ad
551 1643 782 1694 Cynthiam.'
829 1645 862 1681 1.
883 1643 1032 1682 illiriois
1075 1646 1110 1682 4.
1132 1643 1195 1681 Ah
1233 1644 1269 1680 8.
1291 1642 1362 1689 Est
1407 1644 1468 1682 10.
1489 1642 1628 1681 illirias

895 1712 910 1731 ο

211 1742 270 1780 14.
314 1740 483 1781 assiduis
547 1742 608 1781 16.
651 1741 811 1793 Iupiter,
854 1753 982 1789 marce
1053 1742 1114 1781 17.
1158 1751 1370 1780 occeanum
1435 1741 1496 1780 18.
1540 1740 1627 1793 ipso

207 1807 270 1845 25.
314 1806 510 1858 peccarim
572 1808 634 1847 27.
679 1806 848 1845 exclusis
911 1807 973 1845 32.
1017 1806 1098 1845 suis
1161 1807 1223 1844 34.
1269 1819 1405 1845 mensa
1467 1807 1530 1845 35.
1573 1807 1628 1845 At

206 1873 269 1911 39.
300 1871 415 1912 Hunc
434 1871 487 1921 (H
507 1883 555 1910 ex
573 1872 610 1911 N
630 1870 704 1925 m2)
726 1871 880 1911 infamis
927 1873 989 1910 45.
1019 1871 1102 1911 Nec
1158 1872 1221 1910 46.
1251 1870 1322 1910 fiet
1368 1871 1432 1911 48.
1463 1870 1624 1924 Iupiter,

203 1937 370 1989 negligit
415 1939 476 1976 50.
498 1938 658 1987 etherea
700 1940 762 1977 52.
783 1937 967 1986 fulminis,
989 1936 1096 1976 cadit
1128 1950 1185 1975 vs.
1208 1936 1271 1975 54.
1295 1936 1386 1974 add.
1408 1949 1460 1989 ml
1483 1936 1527 1975 in
1548 1949 1624 1987 my.

309 2013 437 2054 XVII.
478 2015 549 2065 ⁶De
583 2014 834 2055 exclusione.'
896 2017 933 2054 4.
974 2014 1134 2063 fractus,
1172 2013 1288 2053 thoro
1351 2014 1387 2051 7.
1427 2012 1624 2066 sysiphios

205 2082 267 2119 16.
296 2081 377 2120 Aut
403 2094 474 2132 per
502 2079 546 2119 in
575 2093 655 2120 ras.

309 2157 459 2197 XVIII.
491 2158 565 2208 ‘Ad
594 2158 825 2210 Cynthiam.'
876 2159 909 2197 1.
929 2156 1108 2196 Assidue
1156 2158 1192 2196 5.
1223 2156 1326 2203 Quid
1345 2156 1379 2196 si
1407 2156 1487 2196 iam
1516 2156 1624 2197 canis

200 2227 284 2273 etas
324 2237 413 2263 mea
452 2230 610 2264 caneret
672 2226 706 2263 7.
748 2225 821 2274 An,
861 2222 1015 2275 tythoni
1077 2224 1114 2262 8.
1155 2223 1272 2261 domo
1314 2228 1374 2261 est
1430 2224 1467 2261 9.
1507 2223 1623 2262 undis

203 2291 264 2329 12.
295 2289 437 2330 iterum
462 2296 523 2329 est
581 2292 641 2329 15.
671 2291 824 2341 tythoni
884 2291 944 2326 16.
974 2301 1166 2327 mennone
1224 2290 1287 2327 20.
1319 2294 1398 2327 aut.

306 2366 491 2405 XVIIIb.
530 2364 718 2407 adhaeret
771 2362 969 2414 superiori
1025 2362 1182 2413 eleqiae.
1260 2366 1323 2404 25.
1381 2365 1507 2418 figura
1562 2370 1623 2404 est

1130 2434 1148 2453 a

198 2464 262 2502 29.
292 2463 388 2525 mihi
445 2465 508 2504 30.
540 2466 636 2503 satis
690 2466 753 2503 31.
784 2463 949 2511 ceruleo,
979 2467 1155 2514 tempore
1213 2464 1277 2503 32.
1308 2464 1412 2502 bona
1440 2468 1511 2502 est.

223 2557 225 2559 ·
303 2540 414 2580 XIX.
448 2541 533 2590 ιΑᾱ.
565 2540 798 2593 Cynthiam.'
850 2541 884 2578 1.
914 2538 1097 2590 scynthia
1154 2540 1190 2580 2.
1222 2540 1319 2579 colis
1370 2542 1430 2579 11.
1461 2539 1619 2579 assidue

198 2607 258 2645 13.
289 2607 405 2646 thura
453 2609 515 2646 14.
544 2606 691 2657 Hedus,
722 2605 887 2659 agrestis
937 2605 999 2643 16.
1031 2610 1193 2644 externo
1223 2604 1283 2657 (er
1311 2603 1354 2643 in
1379 2617 1459 2645 ras.
1489 2617 1514 2644 a
1542 2604 1617 2658 m2)
