1980 3090
845 234 1085 270 -77-

365 362 467 409 Quid
502 376 550 400 ex
584 362 645 406 his
680 362 825 401 tabulis
861 362 1072 402 discimus?
1127 362 1348 401 Permultas
1377 374 1425 399 ex
1455 359 1504 398 iis
1535 357 1683 398 codicis

256 442 279 465 v
320 427 566 476 lectionibus,
620 441 784 478 quarum
829 427 962 477 facies,
1015 433 1058 466 ut
1110 427 1166 466 ita
1213 427 1354 475 dicam,
1409 425 1683 475 sententiaque

256 493 493 544 depravatae
513 496 614 542 sunt,
640 491 680 531 in
700 492 960 544 Neapolitano
979 492 1207 545 reperimus,
1234 492 1342 531 velut
1360 490 1401 530 in
1421 503 1500 530 vss.
1523 489 1583 528 III
1604 490 1682 538 2‚4,

256 559 348 608 3,30
378 563 417 597 et
445 559 509 608 32,
542 559 670 609 13,19‚
703 559 806 608 17‚8,
849 559 1039 611 plurimae
1076 563 1209 598 autem
1243 558 1404 597 eaedem
1438 556 1501 596 vel
1533 554 1682 595 similes

255 628 347 663 sunt
380 629 497 675 atque
532 637 629 675 quas
663 624 700 663 U
729 628 769 663 et
795 624 809 663 l
845 626 1055 663 continent.
1115 623 1217 671 Quid
1250 623 1370 676 igitur
1404 623 1549 671 obstat,
1587 622 1682 672 quin

255 689 491 728 Vaticanum
519 703 568 728 ex
596 690 734 733 eodem
761 690 882 739 fonte,
913 704 990 741 quo
1010 694 1191 729 auctores
1211 689 1415 728 Urbinatis
1446 693 1485 727 et
1504 686 1682 726 Lusatici
1713 733 1719 744 ι

256 754 315 792 usi
345 759 447 804 sunt,
476 755 655 806 prodisse
684 755 976 794 existimemus?
1029 754 1108 793 Sed
1137 768 1225 793 cum
1253 756 1413 805 propius
1442 752 1548 792 absit
1576 766 1600 790 v
1630 752 1681 790 ab

255 819 291 858 U
322 824 360 857 et
389 820 402 857 1
436 834 552 871 quam
587 821 636 859 ab
670 820 717 870 N,
759 834 808 859 ex
844 820 911 858 illo
951 819 1086 858 codice
1126 819 1192 871 X2,
1236 819 1260 857 i.
1292 833 1324 858 e.
1362 832 1409 857 ex
1438 818 1478 856 X
1511 819 1681 869 primum

256 889 430 923 correcto
461 898 549 923 eum
577 885 737 923 fluxisse
758 885 964 923 contendo.
1014 884 1121 930 Quae
1142 884 1337 922 sententia
1355 883 1416 922 his
1437 881 1679 934 argumentis

256 948 477 988 confirmari
504 954 652 1000 potest:

365 1025 407 1063 In
439 1025 621 1064 carminis
651 1025 708 1064 III
740 1027 758 1064 l
790 1039 905 1064 versu
936 1027 985 1063 32
1014 1024 1180 1076 legimus

449 1090 489 1129 in
517 1090 553 1129 N
582 1091 662 1128 oete
688 1088 746 1138 in,

448 1156 489 1194 in
518 1171 543 1193 v
570 1154 698 1205 oeteizz
726 1155 846 1205 (sic!)‚

449 1220 490 1259 in
518 1221 554 1259 U
584 1222 706 1304 oefgrft
734 1220 840 1269 (sicl)

450 1318 489 1356 in
522 1319 536 1356 l
571 1316 679 1367 odei,
723 1318 828 1369 quod
870 1318 1060 1369 praebent
1094 1317 1166 1355 DV
1196 1331 1350 1368 quoque
1386 1322 1424 1355 et
1457 1317 1517 1368 1⁴¹2.

369 1393 467 1432 Mihi
501 1394 658 1445 quidem
692 1394 732 1432 in
765 1394 805 1432 X
838 1393 1007 1445 primum
1042 1395 1122 1431 oete
1149 1392 1191 1430 in
1227 1393 1347 1432 fuisse
1375 1392 1541 1441 videtur,
1577 1393 1682 1444 quod

255 1458 449 1497 incolume
490 1458 673 1498 librarius
715 1458 966 1510 Neapolitani
1005 1458 1132 1497 textui
1174 1458 1354 1506 inseruit;
1403 1458 1543 1496 deinde
1585 1457 1682 1497 illud

258 1526 336 1561 oete
366 1522 410 1562 in
438 1538 463 1563 a
490 1524 547 1576 X2
576 1524 615 1562 in
645 1538 765 1563 unum
799 1524 962 1563 verbum
998 1528 1242 1562 contractum
1275 1523 1484 1575 litteraque
1519 1535 1557 1572 η,
1594 1537 1681 1562 cum

257 1589 445 1640 explicari
478 1603 557 1628 non
590 1594 736 1641 posset,
779 1594 925 1641 puncto
967 1590 1098 1628 deleta
1132 1594 1203 1628 est.
1270 1589 1321 1627 Et
1363 1594 1468 1628 recte
1500 1589 1682 1628 librarius

256 1654 431 1694 Lusatici
458 1654 577 1694 fontis
606 1656 630 1695 λ
659 1655 868 1707 descripsit
902 1653 1009 1702 oetei,
1045 1654 1086 1694 in
1116 1669 1141 1693 v
1171 1659 1256 1694 tota
1291 1654 1437 1694 codicis
1473 1654 1530 1707 X⁴2
1564 1653 1681 1694 lectio

255 1726 415 1771 recepta
456 1726 527 1770 est,
571 1721 774 1760 Urbinatis
817 1726 949 1760 autem
991 1726 1140 1770 auctor,
1186 1735 1273 1760 cum
1315 1720 1412 1760 illud
1445 1718 1489 1757 in
1522 1732 1560 1757 m
1596 1734 1681 1759 esse

232 1840 236 1842 ‚
255 1791 422 1839 putaret,
443 1786 652 1827 lectionem
671 1786 845 1840 ineptam
865 1788 986 1825 oetam
1011 1786 1186 1827 tradidit.
1234 1786 1333 1826 Tum
1354 1786 1402 1826 cf.
1423 1800 1479 1826 vs.
1501 1786 1559 1825 ΙΙΙ
1577 1787 1680 1836 524,

256 1853 323 1891 ubi
348 1853 567 1892 invenimus

449 1917 489 1956 in
517 1917 554 1957 N
581 1918 595 1957 1
624 1915 828 1967 sparserit
855 1919 891 1956 et
918 1916 1097 1969 inteyras
1162 1916 1367 1966 §sparserit
1395 1915 1466 1956 int.
1496 1917 1531 1956 D
1547 1916 1582 1955 V

450 1984 489 2021 in
518 1985 555 2022 U
584 1982 790 2032 Spar-§.erit
819 1986 854 2021 et
882 1983 1059 2032 inteyras
1166 1983 1325 2031 Sparsit
1353 1983 1424 2020 int.
1454 1984 1484 2021 F
1500 1984 1531 2021 L

449 2050 489 2086 in
518 2062 542 2086 v
572 2046 777 2096 Sparserit
806 2047 827 2069 ὦ
857 2046 1046 2098 inteqras.

364 2126 502 2164 Nonne
531 2125 628 2164 illud
656 2123 860 2173 Sparserit
888 2127 927 2162 et
952 2124 1159 2174 inteyras,'
1177 2139 1266 2164 cum
1301 2126 1436 2164 classis
1464 2139 1489 2174 y
1525 2124 1680 2163 codices

256 2190 373 2230 aliam
401 2190 610 2231 lectionem
629 2190 857 2243 praebeant,
886 2190 966 2230 iam
984 2190 1025 2230 in
1044 2189 1086 2230 X
1110 2190 1231 2231 fuisse
1252 2189 1574 2230 verisimillimum
1595 2188 1681 2228 est‘?

255 2257 440 2298 Fortasse
469 2258 631 2296 verbum
658 2256 862 2306 Spar-serit
890 2272 914 2296 a
941 2271 1060 2296 manu
1088 2258 1145 2309 Χ12
1179 2257 1334 2309 punctis
1363 2257 1434 2295 sub
1469 2255 1611 2294 litteris
1641 2268 1683 2293 er

255 2321 395 2374 positis
406 2322 450 2361 in
465 2320 670 2373 Sparscrit
685 2327 902 2362 correctum
919 2328 990 2373 est,
1012 2323 1116 2375 quod
1131 2325 1325 2375 integrum
1340 2321 1433 2360 etin
1450 2320 1682 2360 Urbinatem

257 2392 296 2425 et
323 2387 364 2425 in
391 2387 574 2426 Vaticani
602 2392 754 2426 textum
782 2387 951 2439 irrepsit.
994 2388 1034 2426 Is
1063 2393 1205 2436 autem,
1236 2389 1302 2438 qui
1330 2386 1477 2424 fontem
1506 2385 1683 2424 Lusatici

257 2453 445 2503 exaravit,
466 2452 550 2492 sive
565 2453 670 2504 quod
690 2455 806 2503 signa
825 2453 894 2492 illa
913 2452 1049 2493 addita
1067 2452 1252 2504 neglexit,
1274 2451 1357 2491 sive
1376 2451 1482 2503 quod
1502 2451 1683 2490 consulto

255 2518 354 2556 nihil
387 2518 565 2568 mutavit,
602 2516 807 2567 Sparserit
838 2518 965 2558 textui
999 2518 1174 2557 inseruit.
1232 2518 1368 2568 Itaque
1396 2530 1475 2555 non
1505 2522 1578 2566 est,
1615 2530 1685 2555 cur

257 2598 305 2623 ex
334 2583 371 2624 U
399 2585 607 2625 lectionem
622 2584 810 2625 Vaticani
838 2585 1021 2625 haustam
1049 2598 1135 2624 esse
1164 2588 1357 2634 putemus.
1387 2583 1575 2633 Tertium,
1606 2597 1684 2635 quo
