1980 3090
405 888 509 927 Ante
548 889 758 928 nonnullos
797 902 919 929 annos
957 889 998 929 in
1036 890 1275 930 bibliotheca
1311 890 1551 930 Gorlitziana
1590 905 1714 931 novus

299 954 424 994 codex
450 953 730 1005 Propertianus
764 967 866 994 saec.
900 954 988 994 XV.
1022 960 1199 1007 repertus
1233 961 1305 996 est.
1361 956 1420 995 De
1455 970 1532 1007 quo
1566 956 1714 1007 primus

298 1018 483 1059 disseruit
506 1018 644 1071 Peper‚
675 1018 741 1072 qui
759 1019 934 1060 Lusatici
960 1034 1102 1061 nomen
1129 1020 1165 1060 ei
1194 1020 1315 1071 dedit,
1344 1020 1385 1060 in
1414 1020 1624 1071 annalium,
1649 1024 1715 1074 qui

297 1085 565 1125 inscribuntur
593 1086 734 1134 ‘Neues
762 1085 1050 1126 Lausitzisches
1077 1087 1286 1139 Magazin’,
1315 1092 1421 1125 tomo
1446 1087 1593 1126 LXIX.
1613 1101 1715 1125 anno

299 1151 402 1190 1893
441 1150 564 1199 edito;
606 1156 690 1191 tum
719 1150 864 1191 Paulus
895 1150 1105 1204 Koehleffl)
1138 1157 1178 1192 et
1211 1152 1440 1193 Theodorus
1470 1152 1676 1197 Heukrath
1684 1152 1715 1201 2)

296 1209 542 1266 explanatius
562 1217 611 1254 de
631 1230 678 1254 eo
698 1216 1006 1268 disputaverunt.
1055 1217 1129 1263 Qui
1153 1217 1227 1255 viri
1256 1231 1391 1256 omnes
1410 1218 1521 1255 illum
1540 1218 1715 1256 codicem

296 1279 456 1320 summis
484 1279 667 1321 laudibus
703 1280 868 1321 efferunt
894 1280 1277 1334 fundamentumque,
1306 1287 1350 1322 ut
1376 1281 1501 1334 ipsius
1529 1281 1716 1322 Koehleri

295 1346 426 1384 verbis
468 1351 573 1395 utar,
620 1351 752 1385 textus
793 1347 1024 1386 restituendi
1065 1347 1104 1385 in
1146 1348 1407 1399 Neapolitano
1451 1353 1490 1386 et
1530 1347 1715 1387 Lusatico

294 1411 531 1462 ponendum,
566 1412 618 1451 ad
651 1417 869 1452 ceterorum
896 1412 1072 1452 codicum
1100 1413 1290 1452 lectiones
1319 1426 1407 1452 raro
1435 1412 1497 1461 iis,
1533 1412 1600 1464 qui
1629 1426 1713 1452 car-

295 1475 402 1516 mina
415 1476 611 1528 Propertii
631 1476 711 1517 sint
730 1476 884 1527 edituri,
907 1477 1205 1530 confugiendum
1226 1491 1313 1517 esse
1328 1478 1482 1518 docent.
1519 1478 1714 1517 Assensus

296 1540 455 1592 quidem
489 1546 549 1581 est
577 1542 794 1596 sententiae
822 1542 977 1581 iHorum
1001 1541 1126 1593 Birt3)
1154 1542 1195 1581 in
1222 1542 1323 1582 Mus.
1370 1542 1496 1582 Rhen.
1525 1548 1618 1582 tom.
1650 1544 1713 1581 64.

294 1604 438 1658 (1909)
463 1621 556 1660 pag.
587 1608 678 1647 393.
735 1606 814 1648 Sed
846 1608 958 1647 aliter
986 1607 1034 1646 de
1061 1607 1136 1647 hac
1164 1621 1207 1647 re
1234 1607 1424 1647 iudicavit
1453 1606 1495 1647 C.
1515 1607 1713 1656 Hosius4),

297 1671 364 1723 qui
382 1671 559 1711 Lusatici
586 1672 788 1722 lectiones,
818 1686 906 1712 cum
932 1676 1063 1711 textus
1092 1672 1188 1721 eius,
1217 1673 1323 1724 quod
1349 1673 1425 1724 ipsi
1456 1673 1717 1728 concederent

300 1735 473 1775 Koehler
506 1742 546 1776 et
574 1737 797 1788 Heukrath,
840 1736 1071 1777 commixtus
1115 1741 1231 1787 esset,
1273 1737 1430 1790 neglegi
1471 1751 1589 1789 posse
1623 1752 1716 1777 con-

294 1801 432 1841 tendit.
489 1803 699 1842 Praeterea
726 1803 852 1842 solum
884 1802 993 1841 illum
1021 1801 1196 1841 codicem
1229 1807 1385 1854 praeter
1412 1802 1717 1855 Neapolitanum

295 1881 374 1907 non
414 1881 499 1907 esse
540 1868 816 1918 adhibendum,
857 1868 959 1920 quod
993 1867 1173 1920 proxima
1211 1870 1444 1920 cognatione
1484 1867 1716 1908 coniunctus

296 1937 401 1972 esset
446 1946 533 1972 cum
580 1932 773 1974 Urbinate
821 1934 896 1973 641
941 1937 979 1972 et
1018 1932 1186 1972 fortasse
1228 1946 1317 1973 cum
1359 1932 1554 1973 Vaticano
1598 1934 1716 1975 3273.

298 1998 442 2038 Omnes
471 2004 604 2038 autem
632 2002 715 2038 eius
743 2000 850 2038 modi
876 1999 1010 2049 libros,
1044 2013 1133 2038 cum
1160 1999 1270 2047 nihil,
1300 2000 1406 2050 quod
1433 2000 1584 2051 proprii
1613 2006 1717 2039 esset

238 2101 241 2104 .
295 2063 425 2116 pretii,
444 2064 691 2117 praeberent,
712 2078 762 2105 ex
780 2059 970 2118 apparatu
990 2063 1126 2104 critico
1146 2077 1232 2104 esse
1252 2064 1522 2105 removendos.
1568 2064 1717 2113 Quibus

300 2133 437 2181 paucis
470 2131 602 2171 verbis
637 2146 726 2171 cum
757 2132 902 2172 Hosius
935 2131 1045 2170 litem
1077 2145 1156 2170 non
1188 2132 1305 2183 plane
1340 2131 1597 2172 diiudicatam
1631 2147 1718 2172 esse

297 2200 476 2235 censeret
509 2200 550 2236 et
581 2195 678 2249 ipse,
713 2200 758 2237 ut
791 2196 917 2236 denuo
951 2195 1000 2235 de
1032 2195 1095 2235 his
1128 2195 1245 2236 rebus
1280 2196 1460 2248 quaestio
1494 2196 1718 2246 haberetur,

296 2265 462 2313 optaret,
492 2276 566 2314 ego
584 2263 778 2302 voluntati
807 2262 890 2301 eius
919 2261 1127 2300 obsecutus
1146 2261 1303 2301 illorum
1322 2262 1511 2302 librorum
1529 2264 1718 2302 lectiones

402 2370 436 2409 1)
459 2368 498 2403 P.
514 2369 679 2411 Koehler,
695 2370 747 2404 De
761 2369 923 2412 Properti
938 2368 1058 2403 codioe
1074 2368 1250 2403 Lusatico.
1274 2369 1457 2413 Marpurgi
1473 2371 1568 2405 1899.
1593 2370 1720 2404 Philol.

298 2424 324 2456 t.
347 2424 400 2457 64.
424 2423 538 2464 (1905)
559 2423 644 2458 inde
667 2433 688 2458 a
709 2434 790 2467 pag.
812 2426 877 2459 410
898 2432 973 2466 sqq.

403 2477 438 2518 2)
462 2477 527 2511 Th.
547 2478 743 2519 Heukratlu
766 2479 817 2512 De
832 2477 1007 2520 Propertii
1029 2477 1150 2511 codice
1167 2478 1333 2513 Lusatico
1357 2480 1391 2513 L.
1427 2479 1608 2522 Marpurgi
1625 2480 1718 2513 1910.

404 2532 437 2573 8)
462 2532 506 2567 cf.
530 2531 622 2567 Berl.
644 2532 735 2576 phil.
758 2531 1042 2567 wochenschrift
1064 2532 1160 2574 1898,
1183 2542 1217 2575 p.
1234 2533 1330 2568 1291.

402 2588 439 2627 4)
463 2587 498 2621 C.
528 2587 670 2630 Hosius,
704 2586 803 2622 Sexti
837 2586 1012 2629 Propertii
1038 2586 1130 2629 eleg.
1162 2587 1249 2621 libri
1277 2588 1334 2622 IV.
1381 2589 1521 2631 Lipsiae
1552 2590 1647 2630 1911,
1681 2590 1716 2622 in

292 2641 402 2682 praef.
425 2650 506 2684 pag.
528 2641 606 2676 VIII
629 2651 704 2685 sqq.
1204 2636 1206 2638 ’
