1980 3090
842 244 1054 280 -9-

344 375 434 415 VH.
480 375 553 424 ‘Ad
581 374 807 427 ponticum.‘
866 374 903 413 3.
933 386 1018 412 sum
1076 374 1111 412 9.
1147 373 1234 459 th3
1261 374 1366 413 fama
1394 380 1416 413 ὁ
1476 374 1537 413 12.
1569 386 1661 424 sepe

235 474 299 513 13.
328 474 486 514 assidue
544 475 605 513 16.
642 473 767 521 Quod,
798 471 991 510 eviolasse
1048 472 1112 512 22.
1140 472 1314 524 preferat
1369 473 1433 513 23.
1463 475 1660 524 poterant,

235 540 456 591 sepulchro.

341 615 450 655 VIII.
482 616 556 665 ‘Ad
585 612 819 697 Cynthiamf
869 614 905 653 2.
926 612 1044 652 illiria
1070 611 1140 665 (ex
1166 613 1256 666 y11-)
1299 616 1335 653 3.
1357 620 1418 654 est
1466 616 1501 654 5.
1523 613 1660 663 uesani

235 702 271 740 7.
314 701 448 741 ruinas
506 703 568 741 11.
611 700 771 750 tirrena,
814 699 962 739 harena
1020 701 1080 739 17.
1116 700 1301 740 moer-eris
1344 699 1408 753 (oe
1447 711 1498 739 ex
1526 714 1549 741 ο
1579 698 1659 754 m2)

237 769 297 807 18.
326 768 512 820 galathea
551 769 612 806 19.
642 770 828 817 provecta
868 767 931 805 20.
962 780 1130 817 oryquos
1168 769 1230 806 21.
1262 768 1310 805 de
1339 772 1378 805 te
1418 769 1481 807 22.
1512 767 1659 805 lumine

233 832 355 873 verba
410 834 475 874 24.
504 846 593 872 mea
620 836 682 871 est
737 832 801 872 25.
832 830 991 871 atraciis
1048 833 1111 873 26.
1140 832 1267 911 hilei2s⁷
1297 846 1385 873 mea
1413 838 1485 873 est.

344 931 483 970 VIIIb.
519 929 698 969 cohaeret
724 928 922 979 superiori
950 929 1104 980 eleqiae.
1163 887 1228 972 27}
1244 887 1341 971 >erat
1384 933 1447 971 28.
1478 931 1658 971 assiduas

235 1029 299 1067 38.
328 1001 463 1068 athara
518 1030 583 1069 42.
613 1042 702 1067 mea
736 1033 796 1067 est
851 1029 914 1066 43.
944 1029 1085 1079 sydera
1140 1031 1203 1067 44.
1234 1043 1321 1067 mea
1355 1034 1416 1067 est
1471 1031 1535 1069 45.
1566 1029 1658 1067 sub-

234 1079 417 1153 ducet-(e
447 1116 497 1142 ex
525 1105 539 1142 i
567 1105 658 1157 m2).

344 1180 415 1219 IX.
447 1180 522 1229 ‘Ad
541 1180 712 1219 emulum
740 1179 964 1220 irrisorem.’
1010 1183 1044 1220 1.
1064 1180 1199 1220 irrisor
1241 1182 1277 1219 4.
1299 1182 1437 1232 quevis
1480 1183 1517 1220 6.
1538 1195 1659 1233 queq;

236 1247 272 1285 7.
307 1245 496 1295 lachrime
555 1246 616 1285 11.
652 1245 847 1285 numerini
876 1246 942 1295 (ex
969 1245 1123 1298 inermi)
1152 1259 1214 1299 m2
1273 1248 1334 1287 12.
1375 1246 1491 1297 leuia,
1532 1246 1661 1298 querit

237 1311 300 1352 13.
335 1324 457 1362 queso
517 1313 578 1350 19.
606 1316 740 1363 tygres
798 1313 862 1352 26.
897 1316 965 1350 tua
999 1318 1057 1350 est
1113 1313 1176 1353 29.
1208 1312 1311 1358 Quid
1366 1313 1431 1350 30.
1466 1312 1659 1360 assiduas,

234 1408 379 1460 aufuge
428 1409 492 1448 31.
522 1411 554 1444 ἀ
582 1414 749 1461 possunt
778 1409 820 1458 (u
849 1421 898 1447 ex
926 1410 938 1448 i
966 1411 1044 1462 m2)
1093 1411 1156 1449 33.
1185 1382 1309 1449 fatere
1366 1411 1430 1448 34.
1460 1423 1550 1460 quo.

342 1484 395 1524 X.
426 1484 501 1533 ‘Ad
529 1483 711 1524 Gallum.'
775 1486 811 1526 2.
841 1485 1051 1535 Affueram,
1086 1484 1286 1524 lachrimis
1352 1486 1413 1524 11.
1444 1485 1660 1524 concedere

237 1550 299 1591 12.
328 1549 454 1601 letitie
513 1551 574 1590 17.
604 1550 773 1591 recentis
830 1552 894 1593 25.
923 1551 1081 1591 Irritata
1136 1552 1199 1592 27.
1231 1551 1285 1590 sis
1315 1563 1365 1588 ex
1392 1550 1456 1590 sit.

342 1625 413 1665 XI.
444 1626 519 1676 ‘Ad
539 1626 773 1679 Cynthiam.’
825 1630 858 1667 1.
889 1627 1056 1679 Cynthia
1083 1625 1125 1679 (y
1153 1638 1204 1665 ex
1232 1627 1246 1666 i
1274 1628 1347 1680 m2)
1394 1629 1431 1666 2.
1461 1626 1660 1667 littoribus

236 1692 273 1731 3.
294 1692 489 1744 thesproti
532 1694 568 1732 5.
590 1692 786 1733 adducere
832 1695 893 1733 10.
914 1694 1082 1733 Parvula
1126 1694 1188 1732 11.
1215 1698 1254 1732 te
1274 1695 1396 1731 tantis
1441 1694 1502 1732 14.
1528 1694 1660 1732 littore

238 1758 300 1797 15.
330 1762 461 1796 amoto
490 1756 531 1809 (ο
560 1756 629 1795 alt.
660 1770 709 1796 ex
737 1772 762 1798 a
789 1759 869 1811 ΜΞ)
920 1759 981 1814 18.
1009 1757 1169 1797 timetur
1215 1759 1279 1798 21.
1309 1758 1372 1796 An
1418 1759 1481 1798 23.
1512 1758 1661 1797 cinthia

236 1823 300 1863 26.
331 1821 527 1874 Quicquid
580 1823 646 1862 28.
676 1823 838 1873 dabunt,
868 1822 1072 1863 dissidium
1126 1823 1189 1862 30.
1220 1823 1295 1861 Ah.

343 1897 432 1938 XII.
461 1889 635 1937 Nullum
662 1897 927 1938 intervallum.
972 1900 1008 1939 2.
1039 1900 1197 1938 conscia
1224 1912 1335 1938 roma
1376 1900 1414 1938 3.
1445 1898 1573 1938 divisa
1602 1904 1662 1938 est

236 1998 273 2036 4.
302 1996 486 2048 hippanis
530 1998 566 2035 9.
593 1969 672 2036 nugi
718 1998 779 2036 11.
808 1997 927 2049 longa
954 1996 1018 2036 via
1062 1997 1123 2036 15.
1154 1995 1327 2048 presenti
1373 1997 1435 2035 16.
1460 1996 1661 2036 lachrimis

215 2063 300 2116 19.
336 2061 462 2102 abhac
491 2061 702 2113 dessistere
731 2062 773 2113 (e
794 2074 862 2111 pr.
892 2073 940 2100 ew
968 2062 1012 2111 i).
1355 2064 1359 2068 '

342 2138 457 2179 XIII.
494 2139 569 2188 ‘Ad
604 2138 785 2179 Gallum’.
834 2140 870 2178 8.
900 2138 1007 2178 adire
1055 2140 1091 2177 9.
1123 2138 1299 2178 contenti
1334 2152 1437 2190 pena
1487 2141 1548 2178 11.
1578 2140 1662 2178 vul-

234 2217 349 2256 gares
408 2205 470 2244 12.
501 2205 699 2255 querendo
759 2205 821 2244 14.
843 2205 937 2252 post
972 2205 1046 2252 15.,
1076 2205 1220 2251 postea
1254 2205 1473 2242 correctum
1532 2206 1592 2243 16.
1622 2204 1663 2243 in

235 2268 349 2308 lectis
417 2270 479 2308 17.
515 2268 646 2308 uerbis
709 2270 772 2309 18.
815 2269 916 2319 celat
976 2269 1040 2309 21.
1076 2268 1260 2308 hemonio
1296 2269 1542 2308 salamonida
1598 2271 1662 2309 22.

235 2365 425 2451 quarius
478 2368 541 2407 24.
561 2365 604 2405 in
623 2366 761 2417 etheis,
782 2365 884 2419 iugis
932 2367 994 2407 25.
1016 2365 1155 2414 omnis,
1176 2371 1355 2406 amantes
1404 2368 1467 2407 26.
1489 2339 1663 2418 trgpidas

237 2465 302 2505 27.
331 2477 450 2515 passa
478 2469 540 2503 est
595 2465 659 2505 28.
688 2464 832 2504 adduci
888 2464 951 2503 29.
981 2462 1101 2515 digna
1131 2468 1181 2502 et.

343 2539 450 2579 XIV.
495 2540 571 2589 ‘Ad
613 2540 799 2580 divitem.'
864 2540 901 2580 3.
944 2540 1092 2590 lyntres
1127 2538 1169 2591 (y
1206 2552 1255 2578 ex
1288 2540 1301 2579 i
1336 2540 1410 2593 m2)
1472 2543 1507 2579 5.
1550 2555 1663 2579 omne

239 2606 300 2644 14.
333 2604 415 2652 Que
472 2606 536 2647 20.
565 2605 680 2645 thoro
736 2606 800 2646 22.
830 2604 1034 2645 textibulis
1091 2605 1155 2646 23.
1186 2604 1270 2652 Que
1327 2607 1390 2646 24.
1422 2606 1497 2645 uel.
