1980 3090
861 238 1106 276 -58-

264 380 353 405 cum
388 366 485 405 nihil
521 380 616 418 prae
652 380 694 405 se
728 365 868 416 ierant,
906 368 1011 418 quod
1045 381 1190 407 novum
1224 367 1288 406 vel
1321 366 1454 419 magni
1487 367 1604 418 pretii
1640 366 1704 417 sit,

263 430 435 469 Urbinas
476 445 554 470 non
595 431 737 482 dignus
779 437 851 480 est,
894 432 960 483 qui
1001 432 1041 470 in
1082 437 1274 483 apparatu
1310 432 1446 471 critico
1487 432 1703 471 editionum

262 495 393 535 locum
422 496 611 535 obtineat.

376 562 462 599 Hoc
509 561 613 599 idem
662 561 850 601 iudicium
907 563 956 601 de
1004 563 1196 601 Urbinate
1251 564 1381 602 facere
1427 562 1610 601 videntur
1665 568 1705 600 et

265 626 307 664 P.
338 626 551 674 Koehler¹)
595 630 634 664 et
674 625 745 664 Th.
775 626 1035 678 Heukrath2),
1080 626 1146 678 qui
1186 626 1227 665 in
1270 627 1612 666 dissertationibus
1655 627 1704 665 de

265 690 452 731 Lusatico
488 691 645 743 scriptis
674 700 841 747 'perraro
877 692 1025 732 codicis
1061 693 1097 732 U
1132 693 1364 742 subsidium,
1399 697 1443 732 ut
1475 692 1532 732 ita
1561 692 1702 742 dicam,

265 756 462 796 invocant.
494 755 573 795 Sed
601 757 825 796 mirandum
855 763 927 807 est,
958 758 1063 808 quod
1082 757 1202 796 iidem
1222 758 1296 796 viri
1316 757 1555 807 Lusaticum‚
1586 771 1703 808 quem

263 821 392 872 ipsum
436 821 613 861 codicem
657 823 915 862 commixtum
954 838 1040 863 esse
1082 824 1315 872 concedunt,
1360 823 1480 863 tantis
1519 822 1702 869 laudibus

264 887 458 926 efferunt·
480 887 609 933 Quare
630 902 774 939 operae
795 889 965 940 pretium
988 902 1073 927 esse
1094 902 1236 927 censeo
1257 902 1457 941 quaerere,
1488 902 1564 940 quo
1585 888 1702 927 modo

264 953 313 991 ad
343 953 579 992 sententiam
610 967 723 992 suam
754 954 811 992 illi
841 954 1002 993 adducti
1032 954 1121 992 sint.
1174 954 1305 1005 Atque
1333 954 1500 1005 primum
1530 953 1625 1004 quid
1654 953 1702 992 de

264 1017 415 1069 origine
460 1022 499 1056 et
541 1019 771 1069 parentibus
815 1018 992 1057 Lusatici
1036 1017 1180 1070 singuli
1223 1018 1298 1056 viri
1341 1018 1447 1058 docti
1483 1017 1701 1066 docuerint,

263 1083 479 1121 videamus.

378 1286 492 1337 Pars
528 1286 573 1336 ΙΙ.
643 1286 706 1337 De
741 1286 983 1337 codicibus
1020 1286 1237 1337 Lusatico
1274 1287 1323 1337 et
1357 1286 1598 1338 Vaticano.

607 1417 745 1467 Caput
775 1417 811 1457 Ι.
871 1417 931 1457 De
961 1418 1131 1467 origIne
1161 1417 1370 1478 Lusatici.

305 1540 312 1545 -
375 1515 532 1554 Codicis
568 1515 746 1562 Lusatici
787 1515 991 1553 librarium
1024 1529 1145 1553 unum
1181 1516 1307 1554 solum
1343 1516 1555 1567 exemplar,
1599 1515 1704 1567 quod

264 1580 559 1620 attribuendum
592 1582 643 1619 sit
678 1580 796 1620 classi
826 1580 877 1630 X,
922 1580 1193 1633 descripsisse,
1238 1580 1286 1619 iis
1316 1585 1448 1620 autem
1481 1581 1592 1630 locis,
1636 1581 1702 1620 ubi

263 1646 453 1685 lectiones
497 1646 604 1684 illius
646 1645 735 1684 libri
780 1646 1021 1697 depravatae
1063 1646 1220 1694 fuerint,
1265 1646 1315 1685 ad
1352 1646 1520 1685 alterum
1555 1646 1704 1684 fontem

265 1711 489 1763 confugisse
509 1711 637 1762 Peper
667 1711 881 1751 contendit.
925 1711 1060 1758 Qualis
1089 1711 1155 1751 hic
1185 1700 1295 1751 alter·
1312 1712 1399 1751 fons
1428 1711 1558 1760 fuerit,
1578 1711 1706 1762 Peper

264 1791 341 1816 non
372 1779 546 1829 exponit,
577 1778 647 1816 sed
677 1777 773 1816 satis
804 1777 926 1816 habet
951 1777 1127 1829 profiteri
1157 1778 1170 1816 l
1199 1777 1317 1817 classi
1342 1777 1382 1816 X
1412 1776 1704 1829 adiungendum

264 1857 350 1882 esse
381 1856 508 1894 neque
540 1842 691 1881 minore
721 1843 958 1882 auctoritate
988 1843 1119 1881 valere
1149 1857 1267 1894 quam
1295 1843 1344 1882 N.

372 1918 498 1957 Nimis
528 1919 772 1957 confidenter
800 1919 876 1958 hoc
906 1918 1094 1957 iudicium
1129 1919 1278 1958 factum
1307 1932 1394 1957 esse
1425 1918 1503 1957 iam
1531 1917 1706 1956 Koehler

265 1984 462 2036 cognovit.
522 1983 596 2030 Qui
628 1986 817 2023 maiorem
856 1998 943 2024 esse
982 1984 1116 2023 fidem,
1135 1983 1400 2035 Neapolitani,
1444 1982 1589 2035 quippe
1636 1982 1704 2034 qui

264 2049 377 2087 testis
409 2050 529 2099 purus
559 2054 598 2087 et
628 2049 780 2101 integer
802 2049 866 2098 sit,
897 2049 1026 2097 docet,
1056 2049 1244 2088 Lusatico
1264 2053 1408 2093 autem,
1440 2047 1552 2087 cuius
1572 2052 1704 2087 textus

264 2119 304 2152 et
325 2128 372 2152 ex
395 2128 420 2151 x
442 2119 481 2152 et
501 2127 549 2152 ex
568 2128 593 2164 y
625 2119 888 2165 congregatus
918 2114 981 2163 sit,
1013 2115 1230 2153 secundum
1259 2114 1363 2152 inter
1391 2127 1526 2152 omnes
1547 2112 1703 2152 codices

262 2177 542 2230 Propertianos
586 2179 716 2217 locum
760 2179 840 2228 dat,
886 2179 933 2217 cf.
971 2178 1066 2218 diss.
1104 2192 1195 2231 pag.
1226 2180 1290 2217 70.
1350 2177 1428 2218 Sex
1468 2179 1581 2217 annis
1614 2181 1705 2229 post

264 2245 583 2283 dissertationem
624 2244 809 2283 emissam
839 2244 980 2283 iterum
1008 2244 1182 2284 Koehler
1211 2245 1260 2284 de
1289 2245 1301 2283 l
1332 2243 1414 2296 egit
1442 2248 1481 2283 et
1509 2257 1568 2294 ea,
1604 2249 1710 2295 quae

264 2310 312 2348 de
347 2309 500 2362 origine
533 2310 651 2349 huius
688 2309 838 2349 codicis
874 2309 1050 2359 sentiret,
1086 2310 1149 2349 his
1178 2309 1310 2349 verbis
1346 2308 1703 2362 comprehendit³):

265 2376 388 2424 ⁴Nach
417 2389 593 2427 genauer
611 2370 1037 2427 Priifung'samtlicher
1059 2375 1208 2415 Stellen
1238 2376 1304 2414 bin
1329 2374 1393 2415 ich
1414 2389 1461 2414 zu
1481 2375 1704 2427 folgendem

373 2484 406 2523 1)
431 2483 474 2516 cf.
500 2483 665 2525 Koehler,
690 2483 783 2516 Diss.
807 2493 842 2525 p.
857 2455 918 2517 ¹12.
943 2485 995 2516 71.

371 2537 406 2577 2)
430 2537 473 2571 cf.
502 2537 697 2580 Heukrath,
725 2537 747 2571 l.
765 2547 793 2571 c.
818 2534 851 2580 pL
869 2539 921 2571 14.

372 2592 406 2631 3>
431 2592 474 2625 cf.
499 2592 627 2626 Philol.
652 2593 823 2634 (1905),p.
841 2593 906 2625 413
930 2601 981 2633 sq.
