1980 3090
866 244 1014 282 ..36
1059 266 1110 270 ‚m

268 373 442 412 familiae
471 374 650 413 AFLD
667 374 715 423 V,
760 372 877 411 euius
906 379 1090 424 sumeret,
1129 379 1211 413 tum
1240 373 1514 426 Neapolitano,
1557 374 1597 413 in
1627 388 1704 426 quo

266 440 423 490 legatur
452 438 596 486 cuiuis,
629 440 806 490 inspecto
836 439 934 477 illud
963 438 979 476 i
1008 453 1126 492 super
1154 438 1271 477 cuius
1299 444 1475 490 poneret.
1517 439 1597 478 Sed
1626 440 1705 478 iam

266 518 385 555 supra
405 505 674 543 demonstrare
698 509 863 543 conatus
884 518 971 543 sum
991 504 1195 544 librarium
1216 519 1264 543 ex
1284 518 1361 543 uno
1384 505 1468 543 solo
1490 505 1703 556 exemplari

268 570 443 609 carmina
472 569 667 621 Propertii
697 571 901 621 repetisse.
960 569 1090 616 Quare
1126 570 1307 621 equidem
1338 570 1386 608 de
1422 569 1497 608 hoc
1531 570 1619 608 loco
1649 571 1705 608 ita

267 634 543 674 indicaverim:
575 635 619 673 In
640 634 753 684 libro,
784 634 850 686 qui
870 635 957 674 fons
978 634 1051 674 fuit
1081 640 1120 674 et
1147 636 1294 675 codicis
1314 635 1349 674 N
1371 639 1410 674 et
1428 634 1632 674 Urbinatis
1651 657 1705 662 —

268 706 446 740 notemus
482 701 592 740 illum
629 701 805 741 codicem
842 700 954 753 signo
990 702 1028 740 X
1067 724 1115 729 —
1153 702 1232 741 iam
1267 699 1398 740 cuiuis
1428 701 1590 740 extabat
1628 703 1702 740 sic:

366 773 376 788 1

266 797 383 838 euius
409 798 594 851 (fortasse
621 814 645 838 a
665 813 721 852 m2
751 813 799 838 ex
822 797 939 837 euius
969 799 1225 851 correctum);
1256 804 1295 839 et
1315 803 1420 839 recte
1440 798 1651 851 descripsit
1670 798 1703 838 N

266 864 412 914 cuiuis,
454 864 660 904 Urbinatis
702 869 832 904 autem
871 865 1068 915 librarius,
1117 865 1200 905 sive
1243 866 1348 918 quod
1383 878 1461 903 non
1497 864 1703 914 intellexit,

267 930 360 982 quid
395 931 492 971 illud
526 929 541 968 i
582 931 891 983 suprascriptum
928 931 1003 971 sibi
1039 932 1170 981 vellet,
1212 932 1295 971 sive
1325 931 1429 983 quod
1467 931 1645 970 consulto
1681 945 1705 969 a

268 996 504 1035 lectionibus
543 996 664 1034 fontis
705 997 888 1035 recedere
929 996 1067 1044 noluit,
1111 996 1241 1048 ipsum
1284 998 1501 1035 litterarum
1545 996 1704 1034 ductum

268 1066 425 1101 secutus
456 1066 533 1101 est:

996 1101 1005 1116 1

893 1125 1011 1165 cuius
1043 1129 1081 1168 X

788 1171 890 1209 s
1015 1178 1118 1205 Χ
1158 1181 1169 1205 ²¹

732 1215 866 1254 cuiuis
894 1216 929 1255 N
1062 1214 1178 1254 cuius
1208 1216 1244 1255 U

382 1297 515 1336 Affero
551 1298 654 1337 hunc
672 1299 856 1338 *alterum
891 1312 1046 1337 versum
1083 1297 1123 1337 II
1153 1299 1286 1348 34‚16‚
1322 1297 1389 1337 ubi
1417 1297 1457 1337 in
1486 1298 1521 1337 N
1551 1302 1594 1380 eti
1617 1297 1705 1337 DV

269 1390 435 1442 legimus
466 1388 644 1438 admitto,
680 1391 719 1430 in
748 1391 779 1430 F
794 1392 826 1430 L
857 1389 1007 1439 amitto,
1037 1391 1077 1430 in
1107 1390 1300 1430 Urbinate
1330 1390 1526 1430 invenitur
1554 1389 1702 1429 amitto.

265 1457 369 1495 Num
384 1457 599 1507 putandem
615 1461 676 1496 est
689 1457 894 1496 librarium
913 1457 1083 1509 primum
1099 1456 1320 1508 inspexisse
1337 1456 1507 1508 aliquem
1528 1457 1704 1496 codicem

266 1521 438 1561 familiae
467 1522 545 1561 FL
572 1537 621 1562 ex
651 1537 775 1576 eoque
806 1521 943 1562 amitto
974 1523 1201 1575 sumpsisse,
1232 1528 1318 1562 tum
1346 1537 1395 1562 ex
1414 1523 1450 1562 N
1477 1522 1649 1562 litteram
1678 1522 1719 1560 d'

270 1588 502 1639 supplesse?
543 1589 597 1626 At
626 1589 711 1627 DV
740 1603 896 1640 quoque
926 1587 1091 1626 admitto
1109 1589 1313 1640 praebent,
1344 1590 1400 1627 ita
1427 1593 1471 1627 ut
1498 1588 1703 1627 diiudicari

269 1666 347 1691 non
389 1652 527 1704 possit,
569 1654 672 1692 unde
712 1654 810 1692 illud
850 1654 877 1691 d
915 1654 954 1693 in
984 1654 1217 1693 Urbinatem
1254 1655 1417 1692 venerit.
1476 1653 1626 1692 Deinde
1656 1653 1704 1692 cf.

266 1731 324 1756 vs.
355 1717 394 1756 ΙΙ
425 1719 536 1767 5,10:

638 1770 804 1822 affuerit
831 1773 868 1812 N
884 1773 938 1849 Ρὸ
1049 1771 1223 1843 abfuerit
1251 1773 1287 1811 D
1303 1772 1337 1811 V

878 1858 1048 1921 afficerit
1074 1861 1112 1900 U

376 1947 463 1986 Hoc
499 1948 656 1998 quidem
693 1948 780 1986 loco
810 1948 846 1986 N
881 1948 977 1987 facit
1012 1962 1101 1986 cum
1130 1948 1174 1997 F,
1210 1961 1286 1985 non
1324 1961 1411 2002 cum
1445 1947 1543 1997 DV,
1580 1953 1634 1997 ut,
1671 1948 1703 1986 si

269 2013 368 2051 duos
398 2012 520 2052 libros
550 2012 711 2052 librario
741 2013 946 2052 Urbinatis
976 2018 1135 2065 praesto
1155 2013 1277 2052 fuisse
1299 2026 1514 2063 censemus,
1540 2011 1705 2063 affuerit

268 2091 347 2116 non
385 2091 433 2116 ex
470 2077 606 2116 codice
635 2077 808 2117 familiae
837 2079 880 2126 F,
917 2079 987 2117 sed
1017 2092 1064 2116 ex
1094 2078 1181 2117 DV
1211 2078 1251 2116 in
1282 2076 1456 2126 abfuerit
1485 2083 1704 2117 correctum

269 2156 356 2182 esse
377 2142 631 2181 statuendum
653 2142 715 2181 sit.
746 2142 916 2181 Difficile
933 2142 1053 2194 igitur
1072 2147 1132 2181 est
1149 2142 1359 2193 explicatu,
1381 2143 1508 2194 qualis
1524 2142 1590 2181 ille
1606 2143 1706 2182 alter

269 2208 392 2247 codex
423 2207 552 2254 fuerit,
596 2207 663 2258 qui
692 2212 850 2258 praeter
877 2208 913 2245 N
942 2207 1142 2246 adhibitus
1180 2207 1242 2246 sit.
1301 2207 1378 2246 Sed
1412 2208 1619 2246 redeamus
1654 2208 1703 2246 ad

1073 2271 1090 2294 d

268 2319 422 2344 versum
453 2305 492 2344 II
523 2305 661 2355 34‚16!
709 2305 896 2344 Fortasse
925 2305 1023 2344 illud
1045 2303 1201 2358 amitto,
1228 2305 1333 2357 quod
1353 2304 1574 2344 invenimus
1593 2305 1633 2344 in
1653 2305 1702 2354 U,

266 2370 345 2409 iam
374 2370 415 2409 in
445 2371 625 2410 codicum
655 2371 690 2409 N
721 2376 760 2410 et
788 2371 825 2410 U
854 2371 962 2409 fonte
991 2370 1208 2422 legebatur,
1247 2371 1350 2410 unde
1386 2372 1484 2410 bene
1520 2371 1704 2409 librarius

265 2436 518 2488 Neapolitani
573 2436 782 2489 descripsit
837 2434 1025 2484 amitto,-
1080 2435 1262 2476 librarius
1319 2442 1450 2476 autem
1497 2435 1703 2476 Urbinatis

266 2502 442 2553 singulas
484 2502 637 2541 litteras
680 2503 857 2541 imitatus
905 2506 965 2540 est
1009 2506 1059 2550 et,
1104 2502 1209 2552 quod
1251 2502 1350 2541 vidit
1392 2502 1432 2540 in
1476 2501 1702 2552 exemplari,

266 2565 404 2638 ainitto
434 2600 518 2652 ipse
549 2600 775 2652 descripsit:
1109 2578 1112 2583 Ι
