1980 3090
281 461 380 500 VIII
410 462 474 501 21.
504 392 756 509 Spectzictiicm
775 457 829 510 (cl
851 459 892 498 in
912 459 1005 512 ras.)
1061 458 1332 511 Spectandum
1355 393 1460 513 (FORD
1478 460 1525 512 V1

429 526 484 574 U;
517 539 543 563 v
570 524 625 578 V2
654 538 721 577 mg
747 525 797 577 F²
1111 524 1388 575 Spectaculum
1419 526 1454 564 N
1471 525 1502 564 L

336 592 400 631 22.
429 588 532 628 iocos
561 604 586 628 v
1060 590 1161 630 locos
1187 590 1348 642 (recte!)

335 656 400 695 69.
423 656 655 706 prostratus
683 669 707 694 v
736 654 785 709 1⁰2
814 654 977 708 (recte?)
1055 658 1281 705 protractus
1309 657 1354 710 Fl

279 751 339 793 IX
368 755 431 793 34.
463 727 546 792 uiis
574 752 732 805 (rectel)
970 804 972 807 v
1057 753 1138 793 uiis
1168 770 1190 794 v

278 852 316 891 X
350 853 410 890 14.
440 851 542 890 ratis
569 852 606 891 U
639 827 746 891 rates
773 867 798 891 v
1057 856 1161 891 rates

337 918 399 958 18.
430 915 566 966 aprico
594 932 618 956 v
646 918 696 971 F2
710 918 764 971 V2
1056 930 1197 968 aporco
1226 919 1267 971 (a
1291 930 1412 967 porco
1441 917 1493 969 D)
1522 918 1554 958 O

279 983 338 1022 XI
371 984 432 1021 10.
460 981 528 1031 fac
557 983 708 1035 (falsol)
1055 982 1132 1032 fax
1159 999 1184 1023 v

335 1081 396 1118 14.
429 1053 584 1128 lngatur
853 1079 859 1086 ”
1055 1080 1212 1130 leqatur
1240 1095 1264 1119 v

384 1156 445 1195 De
482 1148 660 1196 versibus
698 1158 743 1196 17
781 1171 865 1209 sqq.
896 1171 1019 1209 usque
1062 1157 1112 1196 ad
1154 1172 1211 1197 vs.
1243 1159 1292 1196 76
1334 1158 1381 1197 cf.
1417 1157 1495 1196 tab.
1528 1156 1621 1195 VIII
1662 1156 1701 1195 in

278 1235 368 1274 pag.
391 1223 441 1260 55
471 1234 529 1273 sq.
559 1223 812 1274 propositam.

276 1299 336 1337 XI
367 1300 430 1337 79.
459 1297 496 1337 si
524 1297 622 1347 quid
648 1297 811 1350 (recte!)
840 1300 893 1352 V²
1054 1298 1091 1338 si
1118 1298 1209 1348 quis
1236 1314 1261 1339 v

330 1365 395 1403 94.
425 1366 545 1402 uacat
1052 1367 1168 1403 uacet
1194 1366 1226 1404 Ο
1255 1380 1280 1403 v
1308 1363 1468 1416 (recte!)
1497 1363 1607 1402 ualet
1635 1365 1669 1403 N

384 1440 444 1479 Ex
485 1441 561 1480 hac
603 1441 739 1481 tabula
781 1441 877 1481 satis
918 1446 1082 1493 apparet
1123 1441 1311 1493 plurimas
1353 1441 1556 1490 lectiones,
1603 1455 1703 1492 quae

277 1505 464 1544 differunt
490 1519 515 1544 a
542 1505 777 1545 lectionibus
806 1507 984 1546 codicum
1013 1506 1058 1556 O,
1088 1506 1304 1546 deteriores
1333 1519 1420 1545 esse
1453 1519 1571 1558 quam
1605 1519 1703 1557 quas

275 1569 316 1609 in
353 1570 494 1611 ceteris
536 1570 647 1611 libris
687 1571 877 1622 videmus,
920 1571 976 1612 ita
1013 1577 1058 1612 ut
1095 1571 1193 1612 talia
1225 1586 1249 1612 a
1281 1576 1402 1625 poeta
1435 1571 1521 1624 ipso
1556 1571 1704 1624 scripta

275 1636 396 1690 fuisse
429 1638 545 1687 plane
587 1638 811 1689 negandum
850 1638 912 1676 sit.
978 1639 1035 1677 Ut
1075 1639 1264 1677 nonnulla
1306 1639 1487 1688 exempla
1528 1638 1701 1686 afferam,

277 1692 409 1753 verba,
440 1715 541 1755 quae
570 1707 729 1743 exstant
751 1702 792 1743 in
811 1717 925 1744 versu
952 1703 972 1743 I
1002 1704 1133 1754 11‚11‚
1162 1704 1199 1742 te
1228 1701 1353 1742 tantis
1381 1702 1487 1743 omni
1507 1703 1704 1743 sententia

276 1773 428 1817 carent3
455 1782 584 1820 neque
611 1768 652 1807 in
680 1783 758 1808 vss.
788 1770 806 1808 Ι
836 1768 1025 1819 20‚17l18
1054 1770 1176 1809 verba
1202 1768 1336 1818 fertur
1361 1768 1448 1818 ipse
1475 1770 1555 1808 ullo
1585 1770 1702 1808 modo

278 1832 467 1885 explicari
509 1838 685 1886 possunt.
756 1834 848 1874 Jam
881 1848 972 1874 vero
1006 1833 1047 1873 in
1081 1848 1139 1874 vs.
1170 1833 1208 1874 II
1237 1835 1356 1884 30‚26
1392 1834 1489 1874 illud
1530 1834 1579 1873 de
1614 1846 1704 1884 reye

275 1898 370 1950 quid
409 1898 485 1938 sibi
519 1899 627 1949 velit⁷
670 1914 785 1940 nemo
824 1900 1035 1953 intelleget.
1099 1899 1289 1940 Omnibus
1329 1905 1463 1939 autem
1501 1899 1563 1938 his
1603 1900 1702 1939 locis

272 1964 453 2004 meliores
483 1964 672 2004 lectiones
701 1965 741 2005 in
771 1965 803 2005 Ο
831 1965 1091 2005 inveniuntur.
1139 1965 1347 2005 Nonnullis
1375 1970 1509 2005 tamen
1538 1965 1700 2004 dubium

274 2042 361 2068 esse
388 2029 485 2068 mihi
514 2030 682 2081 videtur,
712 2036 801 2070 utra
827 2030 944 2071 lectio
971 2030 1228 2083 praeferenda
1256 2030 1319 2080 sit,
1350 2036 1481 2070 utrum
1511 2045 1570 2081 ea,
1601 2045 1701 2082 quae

274 2095 313 2133 in
343 2095 380 2134 U
408 2095 564 2148 legitur,
594 2110 644 2135 an
674 2110 775 2148 quae
805 2096 944 2136 ceteris
972 2097 1119 2136 tradita
1147 2102 1217 2136 est.
1272 2097 1392 2137 Velut
1420 2097 1461 2136 in
1491 2098 1509 2136 I
1538 2099 1631 2146 4,19
1661 2098 1699 2136 in

274 2159 306 2199 Ο
340 2159 561 2199 invenimus
588 2162 681 2209 post
714 2159 821 2210 haec,
865 2161 970 2213 quod
1005 2174 1151 2211 omnes,
1195 2161 1262 2213 qui
1296 2162 1472 2201 carmina
1504 2162 1700 2214 Propertii

272 2225 490 2276 ediderunt,
533 2225 574 2265 in
616 2231 769 2266 textum
806 2231 1048 2279 receperunt,
1086 2226 1259 2266 Urbinas
1298 2228 1463 2278 praebet
1494 2229 1586 2276 post
1613 2226 1697 2266 hac.

273 2289 381 2336 Quae
415 2291 537 2330 verba
568 2291 737 2331 fortasse
769 2291 810 2330 in
844 2291 1055 2343 archetypo
1097 2305 1217 2331 unum
1255 2293 1420 2331 verbum
1463 2291 1697 2341 efficiebant,

273 2361 357 2394 tum
375 2356 510 2396 nescio
530 2370 607 2408 quo
628 2357 746 2396 modo
765 2357 868 2396 inter
891 2370 934 2396 se
962 2362 1144 2408 separata
1172 2362 1213 2396 et
1240 2357 1281 2396 in
1305 2360 1400 2407 post
1426 2357 1494 2396 hec
1522 2364 1699 2399 correcta

273 2425 376 2471 sunt,
406 2420 447 2460 in
476 2435 522 2461 eo
543 2427 676 2462 autem
703 2422 823 2473 fonte,
853 2436 931 2474 quo
950 2421 1153 2462 Urbinatis
1181 2422 1366 2464 librarius
1396 2438 1489 2464 usus
1519 2429 1591 2472 est,
1620 2438 1696 2464 vox

269 2483 355 2533 hac,
384 2499 622 2538 quamquam
649 2487 829 2527 seiuncta
857 2492 941 2526 erat
968 2500 992 2525 a
1012 2488 1119 2535 post,
1152 2486 1309 2541 integra
1343 2489 1541 2528 remansit.
1599 2489 1697 2527 Mihi

270 2549 428 2602 quidem
451 2550 618 2603 posthac
645 2552 859 2605 genuinum
887 2566 972 2593 esse
1001 2551 1168 2602 videtur,
1198 2554 1305 2605 quod
1333 2554 1486 2595 duobus
1519 2554 1697 2595 versibus

268 2619 359 2654 ante
398 2616 477 2655 iam
519 2615 615 2654 haec
656 2618 810 2669 legitur.
880 2617 959 2656 Sed
999 2617 1098 2656 haec
1140 2631 1204 2657 res
1246 2619 1358 2670 parvi
1396 2619 1584 2657 momenti
1625 2625 1696 2658 est.
