<?xml version="1.0" encoding="UTF-8"?>
<!DOCTYPE html PUBLIC "-//W3C//DTD XHTML 1.0 Transitional//EN"
    "http://www.w3.org/TR/xhtml1/DTD/xhtml1-transitional.dtd">
<html xmlns="http://www.w3.org/1999/xhtml" xml:lang="en" lang="en">
 <head>
  <title>
</title>
<meta http-equiv="Content-Type" content="text/html;charset=utf-8" />
  <meta name='ocr-system' content='tesseract 3.04.00' />
  <meta name='ocr-capabilities' content='ocr_page ocr_carea ocr_par ocr_line ocrx_word'/>
</head>
<body>
  <div class='ocr_page' id='page_1' title='image "4737906_0019.png"; bbox 0 0 1980 3090; ppageno 0'>
   <div class='ocr_carea' id='block_1_1' title="bbox 410 362 1733 443">
    <p class='ocr_par' dir='ltr' id='par_1_1' title="bbox 410 362 1733 443">
     <span class='ocr_line' id='line_1_1' title="bbox 410 362 1733 443; baseline -0.002 -20"><span class='ocrx_word' id='word_1_1' title='bbox 410 383 459 423; x_wconf 93' lang='lat' dir='ltr'><strong>V.</strong></span> <span class='ocrx_word' id='word_1_2' title='bbox 491 383 566 433; x_wconf 48' lang='lat' dir='ltr'><strong>‘Ad</strong></span> <span class='ocrx_word' id='word_1_3' title='bbox 596 382 831 435; x_wconf 84' lang='lat' dir='ltr'><strong>Cynthiam.&#39;</strong></span> <span class='ocrx_word' id='word_1_4' title='bbox 885 383 917 421; x_wconf 93' lang='lat'><strong>1.</strong></span> <span class='ocrx_word' id='word_1_5' title='bbox 948 395 1084 421; x_wconf 87' lang='lat' dir='ltr'><strong>verum</strong></span> <span class='ocrx_word' id='word_1_6' title='bbox 1114 386 1174 422; x_wconf 89' lang='lat' dir='ltr'><strong>est</strong></span> <span class='ocrx_word' id='word_1_7' title='bbox 1221 383 1256 421; x_wconf 91' lang='lat'><strong>3.</strong></span> <span class='ocrx_word' id='word_1_8' title='bbox 1286 379 1340 420; x_wconf 90' lang='lat' dir='ltr'><strong>mi</strong></span> <span class='ocrx_word' id='word_1_9' title='bbox 1368 362 1491 443; x_wconf 49' lang='lat' dir='ltr'><strong>Rimas</strong></span> <span class='ocrx_word' id='word_1_10' title='bbox 1534 381 1579 421; x_wconf 72' lang='lat'><strong>4:</strong></span> <span class='ocrx_word' id='word_1_11' title='bbox 1601 380 1733 433; x_wconf 87' lang='lat' dir='ltr'><strong>aquilo</strong></span> 
     </span>
    </p>
   </div>
   <div class='ocr_carea' id='block_1_2' title="bbox 304 447 1732 541">
    <p class='ocr_par' dir='ltr' id='par_1_2' title="bbox 304 447 1732 541">
     <span class='ocr_line' id='line_1_2' title="bbox 304 447 1732 541; baseline -0.001 -22"><span class='ocrx_word' id='word_1_12' title='bbox 304 481 365 519; x_wconf 90' lang='lat'><strong>10.</strong></span> <span class='ocrx_word' id='word_1_13' title='bbox 403 447 572 541; x_wconf 48' lang='lat' dir='ltr'><strong>affuerit,</strong></span> <span class='ocrx_word' id='word_1_14' title='bbox 607 480 755 519; x_wconf 82' lang='lat' dir='ltr'>redibis</span> <span class='ocrx_word' id='word_1_15' title='bbox 815 481 876 519; x_wconf 88' lang='lat'><strong>16.</strong></span> <span class='ocrx_word' id='word_1_16' title='bbox 912 480 998 518; x_wconf 89' lang='lat' dir='ltr'><strong>leve</strong></span> <span class='ocrx_word' id='word_1_17' title='bbox 1033 485 1093 518; x_wconf 90' lang='lat' dir='ltr'><strong>est</strong></span> <span class='ocrx_word' id='word_1_18' title='bbox 1150 480 1212 519; x_wconf 94' lang='lat'><strong>21.</strong></span> <span class='ocrx_word' id='word_1_19' title='bbox 1249 484 1379 517; x_wconf 88' lang='lat' dir='ltr'><strong>vestes</strong></span> <span class='ocrx_word' id='word_1_20' title='bbox 1435 478 1499 518; x_wconf 85' lang='lat'><strong>23.</strong></span> <span class='ocrx_word' id='word_1_21' title='bbox 1534 491 1732 518; x_wconf 81' lang='lat' dir='ltr'><strong>connexos</strong></span> 
     </span>
    </p>
   </div>
   <div class='ocr_carea' id='block_1_3' title="bbox 299 556 1601 643">
    <p class='ocr_par' dir='ltr' id='par_1_3' title="bbox 299 556 1601 643">
     <span class='ocr_line' id='line_1_3' title="bbox 299 556 962 609; baseline -0.003 -13"><span class='ocrx_word' id='word_1_22' title='bbox 299 558 366 597; x_wconf 89' lang='lat'><strong>26.</strong></span> <span class='ocrx_word' id='word_1_23' title='bbox 398 556 627 596; x_wconf 82' lang='lat' dir='ltr'><strong>circumiere</strong></span> <span class='ocrx_word' id='word_1_24' title='bbox 656 558 710 605; x_wconf 91' lang='lat' dir='ltr'><strong>(m</strong></span> <span class='ocrx_word' id='word_1_25' title='bbox 740 568 789 594; x_wconf 78' lang='lat' dir='ltr'><strong>ex</strong></span> <span class='ocrx_word' id='word_1_26' title='bbox 817 571 844 595; x_wconf 94' lang='lat' dir='ltr'><strong>n</strong></span> <span class='ocrx_word' id='word_1_27' title='bbox 870 557 962 609; x_wconf 73' lang='lat' dir='ltr'><strong>m2).</strong></span> 
     </span>
     <span class='ocr_line' id='line_1_4' title="bbox 1583 618 1601 643; baseline 0 0"><span class='ocrx_word' id='word_1_28' title='bbox 1583 618 1601 643; x_wconf 84' lang='lat' dir='ltr'><strong>h</strong></span> 
     </span>
    </p>
   </div>
   <div class='ocr_carea' id='block_1_4' title="bbox 410 652 1732 706">
    <p class='ocr_par' dir='ltr' id='par_1_4' title="bbox 410 652 1732 706">
     <span class='ocr_line' id='line_1_5' title="bbox 410 652 1732 706; baseline -0.001 -13"><span class='ocrx_word' id='word_1_29' title='bbox 410 653 476 693; x_wconf 91' lang='lat' dir='ltr'><strong>VI.</strong></span> <span class='ocrx_word' id='word_1_30' title='bbox 521 654 596 704; x_wconf 83' lang='lat' dir='ltr'><strong>Ad</strong></span> <span class='ocrx_word' id='word_1_31' title='bbox 632 654 867 706; x_wconf 87' lang='lat' dir='ltr'><strong>Cynthiam&#39;.</strong></span> <span class='ocrx_word' id='word_1_32' title='bbox 928 655 963 694; x_wconf 91' lang='lat'><strong>1.</strong></span> <span class='ocrx_word' id='word_1_33' title='bbox 997 654 1191 706; x_wconf 87' lang='lat' dir='ltr'><strong>ephereae</strong></span> <span class='ocrx_word' id='word_1_34' title='bbox 1225 654 1363 706; x_wconf 88' lang='lat' dir='ltr'><strong>laydos</strong></span> <span class='ocrx_word' id='word_1_35' title='bbox 1419 654 1456 692; x_wconf 93' lang='lat'><strong>4.</strong></span> <span class='ocrx_word' id='word_1_36' title='bbox 1491 652 1732 693; x_wconf 84' lang='lat' dir='ltr'><strong>ericthonius</strong></span> 
     </span>
    </p>
   </div>
   <div class='ocr_carea' id='block_1_5' title="bbox 299 717 1732 803">
    <p class='ocr_par' dir='ltr' id='par_1_5' title="bbox 299 717 1732 803">
     <span class='ocr_line' id='line_1_6' title="bbox 299 717 1732 803; baseline -0.001 -45"><span class='ocrx_word' id='word_1_37' title='bbox 299 721 337 757; x_wconf 95' lang='lat'><strong>5.</strong></span> <span class='ocrx_word' id='word_1_38' title='bbox 369 720 545 766; x_wconf 79' lang='lat' dir='ltr'><strong>delectas</strong></span> <span class='ocrx_word' id='word_1_39' title='bbox 594 721 631 759; x_wconf 89' lang='lat'><strong>6.</strong></span> <span class='ocrx_word' id='word_1_40' title='bbox 660 717 913 771; x_wconf 68' lang='lat' dir='ltr'><strong>Phyrneltam</strong></span> <span class='ocrx_word' id='word_1_41' title='bbox 960 720 997 758; x_wconf 92' lang='lat'><strong>8.</strong></span> <span class='ocrx_word' id='word_1_42' title='bbox 1028 718 1115 757; x_wconf 88' lang='lat' dir='ltr'><strong>iura</strong></span> <span class='ocrx_word' id='word_1_43' title='bbox 1165 720 1225 757; x_wconf 95' lang='grc'><strong>11.</strong></span> <span class='ocrx_word' id='word_1_44' title='bbox 1256 719 1373 803; x_wconf 52' lang='lat' dir='ltr'><strong>leget,</strong></span> <span class='ocrx_word' id='word_1_45' title='bbox 1403 718 1513 756; x_wconf 85' lang='lat' dir='ltr'><strong>dabit</strong></span> <span class='ocrx_word' id='word_1_46' title='bbox 1562 719 1624 758; x_wconf 88' lang='lat'><strong>12.</strong></span> <span class='ocrx_word' id='word_1_47' title='bbox 1655 732 1732 769; x_wconf 88' lang='lat' dir='ltr'><strong>qua</strong></span> 
     </span>
    </p>
   </div>
   <div class='ocr_carea' id='block_1_6' title="bbox 299 816 1730 966">
    <p class='ocr_par' dir='ltr' id='par_1_6' title="bbox 299 816 1730 966">
     <span class='ocr_line' id='line_1_7' title="bbox 302 816 1730 893; baseline -0.001 -38"><span class='ocrx_word' id='word_1_48' title='bbox 302 818 363 855; x_wconf 96' lang='lat' dir='ltr'><strong>l3.</strong></span> <span class='ocrx_word' id='word_1_49' title='bbox 395 817 531 893; x_wconf 47' lang='lat' dir='ltr'><strong>letgant</strong></span> <span class='ocrx_word' id='word_1_50' title='bbox 581 819 641 855; x_wconf 96' lang='lat'><strong>15.</strong></span> <span class='ocrx_word' id='word_1_51' title='bbox 672 817 777 855; x_wconf 84' lang='lat' dir='ltr'><strong>fama</strong></span> <span class='ocrx_word' id='word_1_52' title='bbox 806 831 840 865; x_wconf 86' lang='grc' dir='ltr'><strong>θ,</strong></span> <span class='ocrx_word' id='word_1_53' title='bbox 873 821 1032 855; x_wconf 85' lang='lat' dir='ltr'><strong>ventum</strong></span> <span class='ocrx_word' id='word_1_54' title='bbox 1060 821 1122 854; x_wconf 90' lang='grc' dir='ltr'><strong>θεῖ</strong></span> <span class='ocrx_word' id='word_1_55' title='bbox 1172 817 1232 854; x_wconf 89' lang='lat'><strong>18.</strong></span> <span class='ocrx_word' id='word_1_56' title='bbox 1263 816 1486 867; x_wconf 86' lang='lat' dir='ltr'><strong>perithoum</strong></span> <span class='ocrx_word' id='word_1_57' title='bbox 1539 817 1602 855; x_wconf 90' lang='lat'><strong>20.</strong></span> <span class='ocrx_word' id='word_1_58' title='bbox 1634 816 1730 854; x_wconf 91' lang='lat' dir='ltr'><strong>duro</strong></span> 
     </span>
     <span class='ocr_line' id='line_1_8' title="bbox 299 868 1730 966; baseline -0.001 -13"><span class='ocrx_word' id='word_1_59' title='bbox 299 915 364 954; x_wconf 88' lang='grc'><strong>23.</strong></span> <span class='ocrx_word' id='word_1_60' title='bbox 395 868 515 954; x_wconf 68' lang='lat' dir='ltr'><strong>a1(n)eti</strong></span> <span class='ocrx_word' id='word_1_61' title='bbox 545 914 689 954; x_wconf 82' lang='lat' dir='ltr'><strong>coniux</strong></span> <span class='ocrx_word' id='word_1_62' title='bbox 734 916 799 954; x_wconf 88' lang='lat'><strong>24.</strong></span> <span class='ocrx_word' id='word_1_63' title='bbox 829 914 901 954; x_wconf 82' lang='lat' dir='ltr'><strong>feri</strong></span> <span class='ocrx_word' id='word_1_64' title='bbox 949 916 1013 955; x_wconf 88' lang='lat'><strong>25.</strong></span> <span class='ocrx_word' id='word_1_65' title='bbox 1044 915 1149 966; x_wconf 87' lang='lat' dir='ltr'><strong>quod</strong></span> <span class='ocrx_word' id='word_1_66' title='bbox 1191 915 1256 954; x_wconf 89' lang='lat'><strong>26.</strong></span> <span class='ocrx_word' id='word_1_67' title='bbox 1287 879 1397 953; x_wconf 73' lang='lat' dir='ltr'><strong>euiiis</strong></span> <span class='ocrx_word' id='word_1_68' title='bbox 1445 915 1508 953; x_wconf 93' lang='lat'><strong>27.</strong></span> <span class='ocrx_word' id='word_1_69' title='bbox 1538 913 1730 952; x_wconf 89' lang='lat' dir='ltr'><strong>obscenas</strong></span> 
     </span>
    </p>
   </div>
   <div class='ocr_carea' id='block_1_7' title="bbox 299 979 1062 1032">
    <p class='ocr_par' dir='ltr' id='par_1_7' title="bbox 299 979 1062 1032">
     <span class='ocr_line' id='line_1_9' title="bbox 299 979 1062 1032; baseline 0 -14"><span class='ocrx_word' id='word_1_70' title='bbox 299 980 366 1018; x_wconf 90' lang='lat'><strong>31.</strong></span> <span class='ocrx_word' id='word_1_71' title='bbox 396 980 460 1018; x_wconf 94' lang='lat' dir='ltr'><strong>Ah</strong></span> <span class='ocrx_word' id='word_1_72' title='bbox 517 981 582 1019; x_wconf 89' lang='lat'><strong>37.</strong></span> <span class='ocrx_word' id='word_1_73' title='bbox 613 993 689 1032; x_wconf 90' lang='lat' dir='ltr'><strong>que</strong></span> <span class='ocrx_word' id='word_1_74' title='bbox 745 981 810 1018; x_wconf 89' lang='lat'><strong>41.</strong></span> <span class='ocrx_word' id='word_1_75' title='bbox 841 993 902 1018; x_wconf 94' lang='lat' dir='ltr'><strong>me</strong></span> <span class='ocrx_word' id='word_1_76' title='bbox 932 979 1062 1019; x_wconf 83' lang='lat' dir='ltr'><strong>ducet.</strong></span> 
     </span>
    </p>
   </div>
   <div class='ocr_carea' id='block_1_8' title="bbox 294 1064 1731 1314">
    <p class='ocr_par' dir='ltr' id='par_1_8' title="bbox 294 1064 1731 1314">
     <span class='ocr_line' id='line_1_10' title="bbox 408 1064 1731 1118; baseline -0.002 -13"><span class='ocrx_word' id='word_1_77' title='bbox 408 1066 496 1105; x_wconf 91' lang='lat' dir='ltr'><strong>VII.</strong></span> <span class='ocrx_word' id='word_1_78' title='bbox 530 1067 604 1116; x_wconf 42' lang='lat' dir='ltr'><strong>‘Ad</strong></span> <span class='ocrx_word' id='word_1_79' title='bbox 633 1066 869 1118; x_wconf 86' lang='lat' dir='ltr'><strong>Cynthiam.&#39;</strong></span> <span class='ocrx_word' id='word_1_80' title='bbox 930 1068 965 1105; x_wconf 94' lang='lat'><strong>1.</strong></span> <span class='ocrx_word' id='word_1_81' title='bbox 996 1072 1056 1105; x_wconf 87' lang='grc' dir='ltr'><strong>θεῖ</strong></span> <span class='ocrx_word' id='word_1_82' title='bbox 1113 1067 1151 1106; x_wconf 90' lang='grc'><strong>2.</strong></span> <span class='ocrx_word' id='word_1_83' title='bbox 1180 1065 1288 1105; x_wconf 86' lang='lat' dir='ltr'><strong>edita</strong></span> <span class='ocrx_word' id='word_1_84' title='bbox 1316 1070 1464 1105; x_wconf 89' lang='lat' dir='ltr'><strong>stemus</strong></span> <span class='ocrx_word' id='word_1_85' title='bbox 1520 1067 1557 1104; x_wconf 89' lang='lat'><strong>4.</strong></span> <span class='ocrx_word' id='word_1_86' title='bbox 1586 1064 1731 1117; x_wconf 86' lang='lat' dir='ltr'><strong>iupiter</strong></span> 
     </span>
     <span class='ocr_line' id='line_1_11' title="bbox 294 1129 1730 1183; baseline -0.001 -13"><span class='ocrx_word' id='word_1_87' title='bbox 294 1132 334 1170; x_wconf 90' lang='lat'><strong>8.</strong></span> <span class='ocrx_word' id='word_1_88' title='bbox 371 1145 481 1171; x_wconf 85' lang='lat' dir='ltr'><strong>more</strong></span> <span class='ocrx_word' id='word_1_89' title='bbox 538 1133 575 1171; x_wconf 89' lang='lat'><strong>9.</strong></span> <span class='ocrx_word' id='word_1_90' title='bbox 610 1131 760 1171; x_wconf 86' lang='lat' dir='ltr'><strong>lumina</strong></span> <span class='ocrx_word' id='word_1_91' title='bbox 818 1133 880 1171; x_wconf 91' lang='lat'><strong>11.</strong></span> <span class='ocrx_word' id='word_1_92' title='bbox 911 1131 1051 1183; x_wconf 86' lang='lat' dir='ltr'><strong>qualis,</strong></span> <span class='ocrx_word' id='word_1_93' title='bbox 1086 1131 1185 1171; x_wconf 87' lang='lat' dir='ltr'><strong>tibia</strong></span> <span class='ocrx_word' id='word_1_94' title='bbox 1240 1143 1264 1169; x_wconf 88' lang='lat' dir='ltr'><strong>a</strong></span> <span class='ocrx_word' id='word_1_95' title='bbox 1292 1143 1347 1170; x_wconf 82' lang='lat' dir='ltr'><strong>vs.</strong></span> <span class='ocrx_word' id='word_1_96' title='bbox 1385 1131 1433 1169; x_wconf 84' lang='lat'><strong>13</strong></span> <span class='ocrx_word' id='word_1_97' title='bbox 1463 1143 1566 1169; x_wconf 80' lang='lat' dir='ltr'><strong>nova</strong></span> <span class='ocrx_word' id='word_1_98' title='bbox 1605 1129 1730 1179; x_wconf 74' lang='lat' dir='ltr'><strong>eleyia</strong></span> 
     </span>
     <span class='ocr_line' id='line_1_12' title="bbox 295 1194 1728 1248; baseline 0.001 -15"><span class='ocrx_word' id='word_1_99' title='bbox 295 1194 443 1244; x_wconf 80' lang='lat' dir='ltr'><strong>incipit</strong></span> <span class='ocrx_word' id='word_1_100' title='bbox 470 1207 561 1234; x_wconf 83' lang='lat' dir='ltr'><strong>cum</strong></span> <span class='ocrx_word' id='word_1_101' title='bbox 590 1195 707 1234; x_wconf 81' lang='lat' dir='ltr'><strong>titulo</strong></span> <span class='ocrx_word' id='word_1_102' title='bbox 735 1196 799 1235; x_wconf 88' lang='lat' dir='ltr'><strong>Ad</strong></span> <span class='ocrx_word' id='word_1_103' title='bbox 819 1196 1029 1248; x_wconf 87' lang='lat' dir='ltr'><strong>Cynthiam</strong></span> <span class='ocrx_word' id='word_1_104' title='bbox 1079 1197 1140 1236; x_wconf 87' lang='lat'><strong>13.</strong></span> <span class='ocrx_word' id='word_1_105' title='bbox 1170 1196 1309 1248; x_wconf 83' lang='lat' dir='ltr'><strong>patriis</strong></span> <span class='ocrx_word' id='word_1_106' title='bbox 1338 1200 1479 1248; x_wconf 89' lang='lat' dir='ltr'><strong>gnatos</strong></span> <span class='ocrx_word' id='word_1_107' title='bbox 1525 1196 1586 1234; x_wconf 91' lang='grc'><strong>18.</strong></span> <span class='ocrx_word' id='word_1_108' title='bbox 1617 1195 1728 1246; x_wconf 85' lang='lat' dir='ltr'><strong>bory-</strong></span> 
     </span>
     <span class='ocr_line' id='line_1_13' title="bbox 295 1260 894 1314; baseline -0.002 -14"><span class='ocrx_word' id='word_1_109' title='bbox 295 1260 474 1301; x_wconf 86' lang='lat' dir='ltr'><strong>stonidas</strong></span> <span class='ocrx_word' id='word_1_110' title='bbox 503 1260 543 1312; x_wconf 95' lang='grc' dir='ltr'><strong>(ο</strong></span> <span class='ocrx_word' id='word_1_111' title='bbox 573 1260 643 1300; x_wconf 83' lang='lat' dir='ltr'><strong>alt.</strong></span> <span class='ocrx_word' id='word_1_112' title='bbox 673 1273 724 1299; x_wconf 76' lang='lat' dir='ltr'><strong>ex</strong></span> <span class='ocrx_word' id='word_1_113' title='bbox 752 1275 773 1300; x_wconf 89' lang='lat' dir='ltr'><strong>e</strong></span> <span class='ocrx_word' id='word_1_114' title='bbox 802 1264 894 1314; x_wconf 58' lang='lat' dir='ltr'><strong>mg.)</strong></span> 
     </span>
    </p>
   </div>
   <div class='ocr_carea' id='block_1_9' title="bbox 376 1347 1729 1425">
    <p class='ocr_par' dir='ltr' id='par_1_9' title="bbox 376 1347 1729 1425">
     <span class='ocr_line' id='line_1_14' title="bbox 376 1347 1729 1425; baseline 0 -39"><span class='ocrx_word' id='word_1_115' title='bbox 376 1347 513 1425; x_wconf 85' lang='lat' dir='ltr'><strong>bV.IlI</strong></span> <span class='ocrx_word' id='word_1_116' title='bbox 546 1348 622 1397; x_wconf 87' lang='lat' dir='ltr'><strong>Ad</strong></span> <span class='ocrx_word' id='word_1_117' title='bbox 650 1347 844 1388; x_wconf 76' lang='lat' dir='ltr'><strong>amicam.⁷</strong></span> <span class='ocrx_word' id='word_1_118' title='bbox 906 1349 939 1387; x_wconf 95' lang='grc'><strong>1.</strong></span> <span class='ocrx_word' id='word_1_119' title='bbox 972 1347 1145 1400; x_wconf 89' lang='lat' dir='ltr'><strong>Cripitur</strong></span> <span class='ocrx_word' id='word_1_120' title='bbox 1202 1349 1238 1387; x_wconf 89' lang='lat'><strong>2.</strong></span> <span class='ocrx_word' id='word_1_121' title='bbox 1268 1348 1478 1387; x_wconf 86' lang='lat' dir='ltr'><strong>lachrimas</strong></span> <span class='ocrx_word' id='word_1_122' title='bbox 1535 1349 1571 1386; x_wconf 88' lang='lat'><strong>4.</strong></span> <span class='ocrx_word' id='word_1_123' title='bbox 1601 1347 1729 1387; x_wconf 88' lang='lat' dir='ltr'><strong>leuior</strong></span> 
     </span>
    </p>
   </div>
   <div class='ocr_carea' id='block_1_10' title="bbox 294 1435 1727 1588">
    <p class='ocr_par' dir='ltr' id='par_1_10' title="bbox 294 1435 1727 1588">
     <span class='ocr_line' id='line_1_15' title="bbox 294 1435 1727 1487; baseline 0.001 -13"><span class='ocrx_word' id='word_1_124' title='bbox 294 1437 332 1474; x_wconf 88' lang='lat'><strong>6.</strong></span> <span class='ocrx_word' id='word_1_125' title='bbox 362 1449 451 1475; x_wconf 88' lang='lat' dir='ltr'><strong>mea</strong></span> <span class='ocrx_word' id='word_1_126' title='bbox 480 1435 588 1475; x_wconf 89' lang='lat' dir='ltr'><strong>dicta</strong></span> <span class='ocrx_word' id='word_1_127' title='bbox 616 1441 677 1475; x_wconf 88' lang='lat' dir='ltr'><strong>est</strong></span> <span class='ocrx_word' id='word_1_128' title='bbox 724 1438 760 1475; x_wconf 91' lang='lat'><strong>8.</strong></span> <span class='ocrx_word' id='word_1_129' title='bbox 792 1441 878 1476; x_wconf 89' lang='lat' dir='ltr'><strong>rota</strong></span> <span class='ocrx_word' id='word_1_130' title='bbox 907 1441 968 1476; x_wconf 90' lang='lat' dir='ltr'><strong>est</strong></span> <span class='ocrx_word' id='word_1_131' title='bbox 1017 1438 1078 1477; x_wconf 90' lang='grc'><strong>10.</strong></span> <span class='ocrx_word' id='word_1_132' title='bbox 1108 1441 1298 1476; x_wconf 87' lang='lat' dir='ltr'><strong>steterant</strong></span> <span class='ocrx_word' id='word_1_133' title='bbox 1348 1436 1410 1476; x_wconf 86' lang='lat'><strong>13.</strong></span> <span class='ocrx_word' id='word_1_134' title='bbox 1439 1435 1518 1475; x_wconf 84' lang='lat' dir='ltr'><strong>iam</strong></span> <span class='ocrx_word' id='word_1_135' title='bbox 1567 1436 1630 1475; x_wconf 91' lang='lat'><strong>14.</strong></span> <span class='ocrx_word' id='word_1_136' title='bbox 1661 1435 1727 1487; x_wconf 88' lang='lat' dir='ltr'><strong>qui</strong></span> 
     </span>
     <span class='ocr_line' id='line_1_16' title="bbox 296 1499 1727 1588; baseline -0.001 -15"><span class='ocrx_word' id='word_1_137' title='bbox 296 1536 357 1573; x_wconf 91' lang='lat'><strong>15.</strong></span> <span class='ocrx_word' id='word_1_138' title='bbox 388 1534 445 1573; x_wconf 88' lang='lat' dir='ltr'><strong>Ec</strong></span> <span class='ocrx_word' id='word_1_139' title='bbox 474 1535 631 1586; x_wconf 87' lang='lat' dir='ltr'><strong>quando</strong></span> <span class='ocrx_word' id='word_1_140' title='bbox 661 1535 718 1573; x_wconf 90' lang='lat' dir='ltr'><strong>ire</strong></span> <span class='ocrx_word' id='word_1_141' title='bbox 752 1534 826 1586; x_wconf 88' lang='lat' dir='ltr'><strong>(ire</strong></span> <span class='ocrx_word' id='word_1_142' title='bbox 857 1546 906 1572; x_wconf 77' lang='lat' dir='ltr'><strong>ex</strong></span> <span class='ocrx_word' id='word_1_143' title='bbox 933 1549 982 1574; x_wconf 88' lang='lat' dir='ltr'><strong>ne</strong></span> <span class='ocrx_word' id='word_1_144' title='bbox 1015 1534 1097 1573; x_wconf 80' lang='lat' dir='ltr'><strong>sive</strong></span> <span class='ocrx_word' id='word_1_145' title='bbox 1126 1548 1176 1574; x_wconf 92' lang='lat' dir='ltr'><strong>ue</strong></span> <span class='ocrx_word' id='word_1_146' title='bbox 1204 1499 1547 1588; x_wconf 54' lang='lat' dir='ltr'><strong>m2)‚÷a1i1i²gque</strong></span> <span class='ocrx_word' id='word_1_147' title='bbox 1575 1532 1727 1583; x_wconf 80' lang='lat' dir='ltr'><strong>(littera</strong></span> 
     </span>
    </p>
   </div>
   <div class='ocr_carea' id='block_1_11' title="bbox 292 1599 1726 1771">
    <p class='ocr_par' dir='ltr' id='par_1_11' title="bbox 292 1599 1726 1771">
     <span class='ocr_line' id='line_1_17' title="bbox 292 1599 1725 1653; baseline 0 -14"><span class='ocrx_word' id='word_1_148' title='bbox 292 1613 311 1639; x_wconf 91' lang='grc' dir='ltr'>ε</span> <span class='ocrx_word' id='word_1_149' title='bbox 328 1611 443 1638; x_wconf 83' lang='lat' dir='ltr'><strong>erasa</strong></span> <span class='ocrx_word' id='word_1_150' title='bbox 458 1600 531 1646; x_wconf 82' lang='lat' dir='ltr'><strong>est)</strong></span> <span class='ocrx_word' id='word_1_151' title='bbox 553 1601 617 1641; x_wconf 93' lang='grc'><strong>21.</strong></span> <span class='ocrx_word' id='word_1_152' title='bbox 634 1602 834 1653; x_wconf 79' lang='lat' dir='ltr'><strong>antigone,</strong></span> <span class='ocrx_word' id='word_1_153' title='bbox 851 1600 1006 1640; x_wconf 92' lang='lat' dir='ltr'><strong>boetius</strong></span> <span class='ocrx_word' id='word_1_154' title='bbox 1022 1600 1166 1640; x_wconf 91' lang='lat' dir='ltr'><strong>hemon</strong></span> <span class='ocrx_word' id='word_1_155' title='bbox 1195 1602 1259 1641; x_wconf 87' lang='lat'><strong>24.</strong></span> <span class='ocrx_word' id='word_1_156' title='bbox 1275 1600 1402 1640; x_wconf 88' lang='lat' dir='ltr'><strong>noluit</strong></span> <span class='ocrx_word' id='word_1_157' title='bbox 1416 1599 1473 1640; x_wconf 90' lang='lat' dir='ltr'><strong>ire</strong></span> <span class='ocrx_word' id='word_1_158' title='bbox 1499 1601 1562 1641; x_wconf 87' lang='lat'><strong>25.</strong></span> <span class='ocrx_word' id='word_1_159' title='bbox 1580 1599 1725 1640; x_wconf 80' lang='lat' dir='ltr'><strong>efficies</strong></span> 
     </span>
     <span class='ocr_line' id='line_1_18' title="bbox 293 1664 1726 1718; baseline -0.001 -14"><span class='ocrx_word' id='word_1_160' title='bbox 293 1665 357 1704; x_wconf 91' lang='grc'><strong>30.</strong></span> <span class='ocrx_word' id='word_1_161' title='bbox 401 1667 518 1704; x_wconf 86' lang='lat' dir='ltr'><strong>tectis</strong></span> <span class='ocrx_word' id='word_1_162' title='bbox 575 1667 640 1704; x_wconf 93' lang='lat'><strong>31.</strong></span> <span class='ocrx_word' id='word_1_163' title='bbox 683 1665 798 1718; x_wconf 76' lang='lat' dir='ltr'><strong>fugas</strong></span> <span class='ocrx_word' id='word_1_164' title='bbox 841 1670 989 1705; x_wconf 86' lang='lat' dir='ltr'><strong>tractos</strong></span> <span class='ocrx_word' id='word_1_165' title='bbox 1046 1666 1111 1705; x_wconf 88' lang='lat'><strong>33.</strong></span> <span class='ocrx_word' id='word_1_166' title='bbox 1155 1666 1303 1705; x_wconf 85' lang='lat' dir='ltr'><strong>harena</strong></span> <span class='ocrx_word' id='word_1_167' title='bbox 1359 1667 1423 1704; x_wconf 86' lang='lat'><strong>37.</strong></span> <span class='ocrx_word' id='word_1_168' title='bbox 1467 1664 1624 1717; x_wconf 86' lang='lat' dir='ltr'><strong>captiva</strong></span> <span class='ocrx_word' id='word_1_169' title='bbox 1667 1670 1726 1704; x_wconf 82' lang='lat' dir='ltr'><strong>est</strong></span> 
     </span>
     <span class='ocr_line' id='line_1_19' title="bbox 293 1730 1012 1771; baseline 0.003 -2"><span class='ocrx_word' id='word_1_170' title='bbox 293 1731 358 1770; x_wconf 90' lang='lat'><strong>38.</strong></span> <span class='ocrx_word' id='word_1_171' title='bbox 388 1730 499 1770; x_wconf 89' lang='lat' dir='ltr'><strong>illum</strong></span> <span class='ocrx_word' id='word_1_172' title='bbox 528 1730 722 1770; x_wconf 86' lang='lat' dir='ltr'><strong>hemoniis</strong></span> <span class='ocrx_word' id='word_1_173' title='bbox 779 1732 844 1770; x_wconf 88' lang='grc'><strong>39.</strong></span> <span class='ocrx_word' id='word_1_174' title='bbox 873 1737 1012 1771; x_wconf 87' lang='lat' dir='ltr'><strong>marte.</strong></span> 
     </span>
    </p>
   </div>
   <div class='ocr_carea' id='block_1_12' title="bbox 400 1801 1725 1881">
    <p class='ocr_par' dir='ltr' id='par_1_12' title="bbox 400 1801 1725 1881">
     <span class='ocr_line' id='line_1_20' title="bbox 400 1801 1725 1881; baseline 0.002 -15"><span class='ocrx_word' id='word_1_175' title='bbox 400 1828 473 1866; x_wconf 91' lang='lat' dir='ltr'><strong>IX.</strong></span> <span class='ocrx_word' id='word_1_176' title='bbox 505 1828 580 1878; x_wconf 48' lang='lat' dir='ltr'><strong>‘Ad</strong></span> <span class='ocrx_word' id='word_1_177' title='bbox 600 1828 768 1868; x_wconf 84' lang='lat' dir='ltr'><strong>amicam</strong></span> <span class='ocrx_word' id='word_1_178' title='bbox 788 1829 837 1867; x_wconf 89' lang='lat' dir='ltr'><strong>de</strong></span> <span class='ocrx_word' id='word_1_179' title='bbox 856 1829 996 1868; x_wconf 82' lang='lat' dir='ltr'><strong>rivali.&#39;</strong></span> <span class='ocrx_word' id='word_1_180' title='bbox 1044 1830 1079 1868; x_wconf 94' lang='lat'><strong>1.</strong></span> <span class='ocrx_word' id='word_1_181' title='bbox 1100 1807 1173 1881; x_wconf 58' lang='lat' dir='ltr'><strong>{go</strong></span> <span class='ocrx_word' id='word_1_182' title='bbox 1195 1808 1254 1867; x_wconf 58' lang='lat' dir='ltr'><strong>{st</strong></span> <span class='ocrx_word' id='word_1_183' title='bbox 1297 1830 1333 1869; x_wconf 92' lang='lat'><strong>2.</strong></span> <span class='ocrx_word' id='word_1_184' title='bbox 1356 1829 1481 1868; x_wconf 87' lang='lat' dir='ltr'><strong>electo</strong></span> <span class='ocrx_word' id='word_1_185' title='bbox 1516 1830 1551 1868; x_wconf 86' lang='lat'><strong>5.</strong></span> <span class='ocrx_word' id='word_1_186' title='bbox 1573 1801 1725 1868; x_wconf 60' lang='lat' dir='ltr'><strong>deferre</strong></span> 
     </span>
    </p>
   </div>
   <div class='ocr_carea' id='block_1_13' title="bbox 290 1899 1745 2176">
    <p class='ocr_par' dir='ltr' id='par_1_13' title="bbox 290 1899 1745 2176">
     <span class='ocr_line' id='line_1_21' title="bbox 291 1899 1723 1978; baseline 0 -13"><span class='ocrx_word' id='word_1_187' title='bbox 291 1928 327 1965; x_wconf 91' lang='grc'><strong>9.</strong></span> <span class='ocrx_word' id='word_1_188' title='bbox 359 1926 545 1965; x_wconf 74' lang='lat' dir='ltr'><strong>achillem</strong></span> <span class='ocrx_word' id='word_1_189' title='bbox 606 1928 666 1966; x_wconf 90' lang='lat'><strong>10.</strong></span> <span class='ocrx_word' id='word_1_190' title='bbox 695 1899 849 1977; x_wconf 45' lang='lat' dir='ltr'><strong>vegana</strong></span> <span class='ocrx_word' id='word_1_191' title='bbox 907 1929 968 1966; x_wconf 94' lang='lat' dir='ltr'><strong>ll.</strong></span> <span class='ocrx_word' id='word_1_192' title='bbox 999 1901 1152 1966; x_wconf 68' lang='lat' dir='ltr'><strong>merens</strong></span> <span class='ocrx_word' id='word_1_193' title='bbox 1211 1930 1272 1967; x_wconf 91' lang='lat'><strong>12.</strong></span> <span class='ocrx_word' id='word_1_194' title='bbox 1303 1927 1553 1978; x_wconf 86' lang='lat' dir='ltr'><strong>Propositum</strong></span> <span class='ocrx_word' id='word_1_195' title='bbox 1581 1926 1723 1976; x_wconf 77' lang='lat' dir='ltr'><strong>fluviis,</strong></span> 
     </span>
     <span class='ocr_line' id='line_1_22' title="bbox 291 1979 1745 2044; baseline 0.001 -15"><span class='ocrx_word' id='word_1_196' title='bbox 291 1990 487 2031; x_wconf 88' lang='lat' dir='ltr'><strong>simeonta.</strong></span> <span class='ocrx_word' id='word_1_197' title='bbox 546 1993 608 2031; x_wconf 90' lang='lat'><strong>13.</strong></span> <span class='ocrx_word' id='word_1_198' title='bbox 638 1992 884 2044; x_wconf 86' lang='lat' dir='ltr'><strong>Fedavitque</strong></span> <span class='ocrx_word' id='word_1_199' title='bbox 945 1993 1005 2032; x_wconf 91' lang='lat'><strong>15.</strong></span> <span class='ocrx_word' id='word_1_200' title='bbox 1035 1979 1170 2032; x_wconf 70' lang='lat' dir='ltr'><strong>cerula</strong></span> <span class='ocrx_word' id='word_1_201' title='bbox 1228 1994 1290 2033; x_wconf 87' lang='lat'><strong>16.</strong></span> <span class='ocrx_word' id='word_1_202' title='bbox 1320 1992 1404 2032; x_wconf 83' lang='lat' dir='ltr'><strong>vir&#39;o</strong></span> <span class='ocrx_word' id='word_1_203' title='bbox 1463 1993 1525 2031; x_wconf 92' lang='lat'><strong>17.</strong></span> <span class='ocrx_word' id='word_1_204' title='bbox 1554 1992 1657 2032; x_wconf 87' lang='lat' dir='ltr'><strong>veris</strong></span> <span class='ocrx_word' id='word_1_205' title='bbox 1687 1993 1745 2041; x_wconf 79' lang='lat' dir='ltr'><strong>(e</strong></span> 
     </span>
     <span class='ocr_line' id='line_1_23' title="bbox 290 2055 1723 2111; baseline 0.002 -17"><span class='ocrx_word' id='word_1_206' title='bbox 290 2068 341 2094; x_wconf 79' lang='lat' dir='ltr'><strong>ex</strong></span> <span class='ocrx_word' id='word_1_207' title='bbox 370 2056 383 2095; x_wconf 94' lang='lat' dir='ltr'><strong>i</strong></span> <span class='ocrx_word' id='word_1_208' title='bbox 411 2055 493 2095; x_wconf 85' lang='lat' dir='ltr'><strong>sive</strong></span> <span class='ocrx_word' id='word_1_209' title='bbox 522 2057 535 2097; x_wconf 94' lang='lat' dir='ltr'><strong>i</strong></span> <span class='ocrx_word' id='word_1_210' title='bbox 566 2070 615 2096; x_wconf 81' lang='lat' dir='ltr'><strong>ex</strong></span> <span class='ocrx_word' id='word_1_211' title='bbox 644 2061 695 2108; x_wconf 85' lang='lat' dir='ltr'><strong>e),</strong></span> <span class='ocrx_word' id='word_1_212' title='bbox 724 2058 856 2098; x_wconf 86' lang='lat' dir='ltr'><strong>nautis</strong></span> <span class='ocrx_word' id='word_1_213' title='bbox 900 2059 962 2099; x_wconf 89' lang='lat'><strong>18.</strong></span> <span class='ocrx_word' id='word_1_214' title='bbox 992 2061 1137 2099; x_wconf 84' lang='lat' dir='ltr'><strong>interet</strong></span> <span class='ocrx_word' id='word_1_215' title='bbox 1175 2061 1238 2101; x_wconf 88' lang='lat'><strong>23.</strong></span> <span class='ocrx_word' id='word_1_216' title='bbox 1268 2059 1354 2111; x_wconf 88' lang='lat' dir='ltr'><strong>ipse</strong></span> <span class='ocrx_word' id='word_1_217' title='bbox 1394 2060 1457 2099; x_wconf 89' lang='grc'><strong>24.</strong></span> <span class='ocrx_word' id='word_1_218' title='bbox 1488 2058 1566 2108; x_wconf 89' lang='lat' dir='ltr'><strong>Dii,</strong></span> <span class='ocrx_word' id='word_1_219' title='bbox 1595 2058 1723 2098; x_wconf 76' lang='lat' dir='ltr'><strong>fruere</strong></span> 
     </span>
     <span class='ocr_line' id='line_1_24' title="bbox 291 2112 1722 2176; baseline 0.001 -14"><span class='ocrx_word' id='word_1_220' title='bbox 291 2123 356 2163; x_wconf 88' lang='lat'><strong>26.</strong></span> <span class='ocrx_word' id='word_1_221' title='bbox 378 2122 530 2175; x_wconf 83' lang='lat' dir='ltr'><strong>stygiae</strong></span> <span class='ocrx_word' id='word_1_222' title='bbox 559 2124 599 2175; x_wconf 91' lang='lat' dir='ltr'><strong>(y</strong></span> <span class='ocrx_word' id='word_1_223' title='bbox 629 2135 678 2161; x_wconf 79' lang='lat' dir='ltr'><strong>ex</strong></span> <span class='ocrx_word' id='word_1_224' title='bbox 705 2123 735 2174; x_wconf 92' lang='lat' dir='ltr'><strong>i)</strong></span> <span class='ocrx_word' id='word_1_225' title='bbox 764 2112 951 2176; x_wconf 51' lang='lat' dir='ltr'><strong>p‘otirent‘</strong></span> <span class='ocrx_word' id='word_1_226' title='bbox 996 2126 1060 2165; x_wconf 92' lang='lat'><strong>27.</strong></span> <span class='ocrx_word' id='word_1_227' title='bbox 1082 2125 1411 2165; x_wconf 88' lang='lat' dir='ltr'><strong>circunstaremus</strong></span> <span class='ocrx_word' id='word_1_228' title='bbox 1455 2125 1519 2165; x_wconf 91' lang='lat'><strong>28.</strong></span> <span class='ocrx_word' id='word_1_229' title='bbox 1539 2124 1639 2176; x_wconf 93' lang='lat' dir='ltr'><strong>proh</strong></span> <span class='ocrx_word' id='word_1_230' title='bbox 1668 2124 1722 2163; x_wconf 89' lang='lat' dir='ltr'><strong>dii</strong></span> 
     </span>
    </p>
   </div>
   <div class='ocr_carea' id='block_1_14' title="bbox 291 2188 1793 2243">
    <p class='ocr_par' dir='ltr' id='par_1_14' title="bbox 291 2188 1793 2243">
     <span class='ocr_line' id='line_1_25' title="bbox 291 2188 1793 2243; baseline 0.003 -16"><span class='ocrx_word' id='word_1_231' title='bbox 291 2188 355 2227; x_wconf 91' lang='lat'><strong>30.</strong></span> <span class='ocrx_word' id='word_1_232' title='bbox 387 2201 558 2228; x_wconf 86' lang='lat' dir='ltr'><strong>occeano</strong></span> <span class='ocrx_word' id='word_1_233' title='bbox 602 2189 666 2228; x_wconf 91' lang='lat'><strong>31.</strong></span> <span class='ocrx_word' id='word_1_234' title='bbox 696 2189 812 2229; x_wconf 78' lang='lat' dir='ltr'><strong>facile</strong></span> <span class='ocrx_word' id='word_1_235' title='bbox 841 2195 901 2229; x_wconf 89' lang='lat' dir='ltr'><strong>est</strong></span> <span class='ocrx_word' id='word_1_236' title='bbox 942 2191 1006 2229; x_wconf 88' lang='lat'><strong>33.</strong></span> <span class='ocrx_word' id='word_1_237' title='bbox 1037 2196 1169 2241; x_wconf 87' lang='lat' dir='ltr'><strong>syrteo</strong></span> <span class='ocrx_word' id='word_1_238' title='bbox 1198 2191 1238 2241; x_wconf 90' lang='lat' dir='ltr'><strong>(y</strong></span> <span class='ocrx_word' id='word_1_239' title='bbox 1268 2202 1319 2228; x_wconf 82' lang='lat' dir='ltr'><strong>ex</strong></span> <span class='ocrx_word' id='word_1_240' title='bbox 1347 2192 1360 2229; x_wconf 92' lang='lat' dir='ltr'><strong>i</strong></span> <span class='ocrx_word' id='word_1_241' title='bbox 1388 2192 1467 2243; x_wconf 68' lang='lat' dir='ltr'><strong>m2)</strong></span> <span class='ocrx_word' id='word_1_242' title='bbox 1507 2192 1571 2230; x_wconf 87' lang='lat'><strong>34.</strong></span> <span class='ocrx_word' id='word_1_243' title='bbox 1601 2191 1722 2241; x_wconf 77' lang='lat' dir='ltr'><strong>notho</strong></span> <span class='ocrx_word' id='word_1_244' title='bbox 1791 2208 1793 2210; x_wconf 93' lang='lat'>·</span> 
     </span>
    </p>
   </div>
   <div class='ocr_carea' id='block_1_15' title="bbox 289 2252 1276 2337">
    <p class='ocr_par' dir='ltr' id='par_1_15' title="bbox 289 2252 1276 2337">
     <span class='ocr_line' id='line_1_26' title="bbox 289 2252 1276 2337; baseline 0.002 -45"><span class='ocrx_word' id='word_1_245' title='bbox 289 2253 355 2292; x_wconf 88' lang='grc'><strong>35.</strong></span> <span class='ocrx_word' id='word_1_246' title='bbox 385 2252 499 2337; x_wconf 50' lang='lat' dir='ltr'><strong>fegus</strong></span> <span class='ocrx_word' id='word_1_247' title='bbox 557 2255 606 2293; x_wconf 85' lang='lat'><strong>41</strong></span> <span class='ocrx_word' id='word_1_248' title='bbox 638 2253 780 2305; x_wconf 86' lang='lat' dir='ltr'><strong>sydera</strong></span> <span class='ocrx_word' id='word_1_249' title='bbox 836 2255 900 2295; x_wconf 90' lang='lat'><strong>43.</strong></span> <span class='ocrx_word' id='word_1_250' title='bbox 931 2254 1056 2294; x_wconf 91' lang='lat' dir='ltr'><strong>invita</strong></span> <span class='ocrx_word' id='word_1_251' title='bbox 1113 2256 1178 2294; x_wconf 90' lang='lat'><strong>44.</strong></span> <span class='ocrx_word' id='word_1_252' title='bbox 1208 2254 1276 2295; x_wconf 88' lang='lat' dir='ltr'><strong>sic.</strong></span> 
     </span>
    </p>
   </div>
   <div class='ocr_carea' id='block_1_16' title="bbox 398 2336 1722 2415">
    <p class='ocr_par' dir='ltr' id='par_1_16' title="bbox 398 2336 1722 2415">
     <span class='ocr_line' id='line_1_27' title="bbox 398 2336 1722 2415; baseline 0.004 -14"><span class='ocrx_word' id='word_1_253' title='bbox 398 2361 451 2402; x_wconf 94' lang='lat' dir='ltr'><strong>X.</strong></span> <span class='ocrx_word' id='word_1_254' title='bbox 484 2362 561 2412; x_wconf 45' lang='lat' dir='ltr'><strong>‘Ad</strong></span> <span class='ocrx_word' id='word_1_255' title='bbox 589 2363 839 2415; x_wconf 86' lang='lat' dir='ltr'><strong>Augustum.&#39;</strong></span> <span class='ocrx_word' id='word_1_256' title='bbox 898 2365 934 2404; x_wconf 89' lang='lat'><strong>2.</strong></span> <span class='ocrx_word' id='word_1_257' title='bbox 964 2363 1148 2403; x_wconf 86' lang='lat' dir='ltr'><strong>hemonio</strong></span> <span class='ocrx_word' id='word_1_258' title='bbox 1205 2365 1240 2401; x_wconf 92' lang='grc'><strong>7.</strong></span> <span class='ocrx_word' id='word_1_259' title='bbox 1270 2336 1422 2413; x_wconf 56' lang='grc' dir='ltr'>νθῖθῑθε</span> <span class='ocrx_word' id='word_1_260' title='bbox 1479 2367 1515 2405; x_wconf 91' lang='grc'><strong>8.</strong></span> <span class='ocrx_word' id='word_1_261' title='bbox 1545 2380 1633 2406; x_wconf 90' lang='lat' dir='ltr'><strong>mea</strong></span> <span class='ocrx_word' id='word_1_262' title='bbox 1662 2372 1722 2406; x_wconf 89' lang='lat' dir='ltr'><strong>est</strong></span> 
     </span>
    </p>
   </div>
   <div class='ocr_carea' id='block_1_17' title="bbox 288 2430 1720 2568">
    <p class='ocr_par' dir='ltr' id='par_1_17' title="bbox 288 2430 1720 2568">
     <span class='ocr_line' id='line_1_28' title="bbox 288 2430 1720 2513; baseline 0.004 -15"><span class='ocrx_word' id='word_1_263' title='bbox 288 2463 326 2498; x_wconf 88' lang='grc'><strong>9.</strong></span> <span class='ocrx_word' id='word_1_264' title='bbox 357 2461 469 2499; x_wconf 90' lang='lat' dir='ltr'><strong>vultu</strong></span> <span class='ocrx_word' id='word_1_265' title='bbox 516 2463 578 2500; x_wconf 93' lang='grc'><strong>10.</strong></span> <span class='ocrx_word' id='word_1_266' title='bbox 610 2461 815 2512; x_wconf 85' lang='lat' dir='ltr'><strong>cytharam</strong></span> <span class='ocrx_word' id='word_1_267' title='bbox 862 2462 921 2500; x_wconf 90' lang='lat'><strong>15.</strong></span> <span class='ocrx_word' id='word_1_268' title='bbox 953 2463 1041 2513; x_wconf 91' lang='lat' dir='ltr'><strong>quis</strong></span> <span class='ocrx_word' id='word_1_269' title='bbox 1086 2463 1147 2501; x_wconf 90' lang='lat'><strong>18.</strong></span> <span class='ocrx_word' id='word_1_270' title='bbox 1177 2461 1330 2502; x_wconf 83' lang='lat' dir='ltr'><strong>Sentiat</strong></span> <span class='ocrx_word' id='word_1_271' title='bbox 1377 2464 1441 2504; x_wconf 88' lang='lat'><strong>20.</strong></span> <span class='ocrx_word' id='word_1_272' title='bbox 1470 2430 1510 2502; x_wconf 73' lang='lat' dir='ltr'><strong>xil</strong></span> <span class='ocrx_word' id='word_1_273' title='bbox 1553 2465 1615 2504; x_wconf 85' lang='lat'><strong>22.</strong></span> <span class='ocrx_word' id='word_1_274' title='bbox 1646 2464 1720 2504; x_wconf 89' lang='lat' dir='ltr'><strong>hac</strong></span> 
     </span>
     <span class='ocr_line' id='line_1_29' title="bbox 288 2526 1098 2568; baseline -0.002 -1"><span class='ocrx_word' id='word_1_275' title='bbox 288 2527 351 2567; x_wconf 81' lang='lat'><strong>23.</strong></span> <span class='ocrx_word' id='word_1_276' title='bbox 384 2540 541 2566; x_wconf 90' lang='lat' dir='ltr'><strong>carmen</strong></span> <span class='ocrx_word' id='word_1_277' title='bbox 601 2528 666 2567; x_wconf 86' lang='lat'><strong>24.</strong></span> <span class='ocrx_word' id='word_1_278' title='bbox 697 2527 815 2567; x_wconf 91' lang='lat' dir='ltr'><strong>thura</strong></span> <span class='ocrx_word' id='word_1_279' title='bbox 873 2528 936 2568; x_wconf 90' lang='lat'><strong>25.</strong></span> <span class='ocrx_word' id='word_1_280' title='bbox 967 2526 1098 2567; x_wconf 89' lang='lat' dir='ltr'><strong>etiam.</strong></span> 
     </span>
    </p>
   </div>
   <div class='ocr_carea' id='block_1_18' title="bbox 395 2613 1522 2668">
    <p class='ocr_par' dir='ltr' id='par_1_18' title="bbox 395 2613 1522 2668">
     <span class='ocr_line' id='line_1_30' title="bbox 395 2613 1522 2668; baseline 0.004 -15"><span class='ocrx_word' id='word_1_281' title='bbox 395 2613 467 2654; x_wconf 94' lang='lat' dir='ltr'><strong>XI.</strong></span> <span class='ocrx_word' id='word_1_282' title='bbox 500 2615 574 2664; x_wconf 44' lang='lat' dir='ltr'><strong>‘Ad</strong></span> <span class='ocrx_word' id='word_1_283' title='bbox 605 2615 841 2667; x_wconf 84' lang='lat' dir='ltr'><strong>Cynthiam.&#39;</strong></span> <span class='ocrx_word' id='word_1_284' title='bbox 901 2617 937 2657; x_wconf 89' lang='lat'><strong>2.</strong></span> <span class='ocrx_word' id='word_1_285' title='bbox 969 2616 1107 2665; x_wconf 89' lang='lat' dir='ltr'><strong>Ludet,</strong></span> <span class='ocrx_word' id='word_1_286' title='bbox 1138 2624 1256 2668; x_wconf 88' lang='lat' dir='ltr'><strong>ponet</strong></span> <span class='ocrx_word' id='word_1_287' title='bbox 1314 2619 1350 2657; x_wconf 90' lang='lat'><strong>3.</strong></span> <span class='ocrx_word' id='word_1_288' title='bbox 1380 2623 1522 2657; x_wconf 89' lang='lat' dir='ltr'><strong>tecum.</strong></span> 
     </span>
    </p>
   </div>
  </div>
 </body>
</html>
