1980 3090
851 795 1016 861 Vita.

316 978 516 1012 Fridericus
551 979 737 1021 Adolphus
771 978 870 1013 Otto
905 979 934 1012 N
943 988 1124 1013 eumann
1163 980 1268 1011 natus
1307 988 1385 1011 sum
1420 979 1456 1011 iu
1493 979 1656 1012 Lusatiae

227 1033 408 1066 inferioris
431 1033 521 1074 vico,
545 1033 603 1066 cui
626 1042 753 1067 nomen
777 1034 832 1067 est
855 1033 1008 1075 Zinnitz,
1032 1033 1120 1066 Non.
1143 1033 1222 1066 Jan.
1247 1043 1277 1066 a.
1297 1032 1531 1066 MDCCCXCH
1557 1035 1655 1074 patre

225 1086 367 1128 Ottone,
393 1088 506 1121 matre
529 1087 669 1121 Martha
692 1096 711 1120 e
734 1088 841 1129 gente
864 1086 1057 1128 Radochla,
1088 1086 1218 1129 quibus
1243 1086 1346 1120 valde
1370 1086 1508 1128 gaudeo
1536 1096 1656 1129 super·

225 1141 383 1175 stitibus
413 1141 509 1175 Civis
525 1141 734 1175 Borussicus
756 1151 848 1182 sum,
870 1141 979 1188 fidem
999 1141 1168 1183 profiteor
1183 1142 1437 1183 evangelicam.
1463 1141 1657 1175 Elementis

228 1197 265 1229 et
293 1197 403 1238 pater,
438 1197 499 1239 qui
532 1196 697 1239 magistri
730 1205 877 1230 munere
912 1196 1086 1238 fungitur,
1120 1198 1157 1230 et
1185 1196 1377 1238 Roggisch‚
1411 1196 1527 1230 divini
1557 1196 1656 1230 verhi

228 1251 401 1292 minister,
429 1261 485 1285 me
513 1251 757 1286 erudiverunt.
802 1251 938 1285 Deinde
961 1251 1006 1285 ab
1030 1261 1122 1285 anno
1145 1251 1291 1285 MCMIII
1319 1260 1432 1294 usque
1454 1251 1500 1285 ad
1523 1261 1657 1285 annum

227 1305 354 1339 MCMX
380 1306 606 1348 gymnasium
632 1306 772 1348 regium
799 1306 1039 1340 Luccaviense
1071 1306 1310 1348 frequentavi.
1360 1307 1478 1348 Atque
1509 1307 1657 1339 maturi-

222 1360 313 1393 tatis
341 1360 545 1394 testimonio
573 1361 771 1394 instructus
794 1360 949 1402 primum
979 1361 1016 1393 in
1040 1360 1277 1394 universitate
1305 1360 1544 1402 Friburgeusi,
1580 1362 1655 1394 tuni

230 1414 384 1448 Berolini
429 1414 558 1448 studiis
603 1414 845 1456 philologieis,
889 1414 1084 1457 historicis,
1129 1414 1390 1456 philosophicis
1428 1424 1484 1448 me
1522 1414 1656 1448 dedidi.

227 1469 315 1502 Vere
350 1469 435 1502 anni
463 1468 606 1502 MGMXI
636 1468 851 1511 Friburgum
881 1469 984 1511 redii,
1018 1470 1189 1503 autumno
1223 1471 1342 1503 autem
1377 1469 1535 1503 eiusdem
1571 1470 1655 1503 anni

222 1522 432 1565 Gottingam
460 1532 516 1556 me
541 1522 688 1564 contuli,
716 1522 779 1556 ubi
801 1532 865 1565 per
887 1531 998 1556 unum
1021 1524 1191 1557 semestre
1215 1525 1379 1557 versatus
1401 1532 1491 1557 sum.
1537 1523 1656 1557 Mense

228 1577 342 1619 Aprili
365 1577 450 1612 anni
473 1576 633 1611 MCMXII
654 1586 784 1611 nomen
806 1587 927 1611 meum
949 1577 1103 1611 relatum
1126 1578 1181 1611 est
1203 1578 1240 1611 in
1263 1577 1383 1611 album
1406 1578 1655 1611 universitatis

221 1631 470 1674 Gryphiensis,
494 1632 595 1665 cuius
618 1641 682 1673 per
703 1633 872 1674 quattuor
894 1632 1081 1665 semestria
1104 1631 1159 1665 fui
1182 1632 1272 1665 civis
1296 1632 1532 1666 academicus.

332 1708 536 1742 Docuerunt
559 1718 615 1741 me
639 1708 679 1741 hi
703 1708 773 1741 viri
795 1708 1010 1742 doctissimi:

246 1773 580 1815 Friburgenses:
615 1774 667 1805 W.
685 1774 763 1815 Aly,
787 1774 831 1806 de
848 1773 977 1820 Below,
998 1773 1179 1814 Kieckers,
1207 1773 1310 1815 Levy,
1327 1773 1475 1813 Paufler,
1492 1774 1653 1807 Reitzen-

613 1828 718 1869 stein,
733 1828 889 1869 Rickert‚
907 1827 944 1861 B.
959 1827 1132 1869 Schmidt,
1148 1827 1186 1861 E.
1201 1826 1392 1869 Schwartz,
1409 1828 1651 1870 Thurneysen‚

613 1882 716 1916 Wolf.
765 1889 767 1891 ·

223 1959 226 1962 ·
246 1948 569 1983 Berolinenses:
616 1948 806 1989 Erdmann,
852 1947 1038 1989 Kirchner,
1077 1947 1219 1989 Lasson,
1257 1947 1357 1987 Mors,
1394 1946 1652 1987 Mutschmanu,

612 2002 728 2045 Riehl,
744 2002 785 2037 D.
801 2001 980 2044 Schaefer,
996 2002 1040 2036 M.
1054 2002 1088 2036 C.
1101 2001 1137 2035 P.
1155 2002 1327 2042 Schmidt,
1343 2001 1387 2035 de
1400 2001 1651 2035 Wilamowitz-

610 2058 865 2092 Moellendorff.

241 2124 573 2166 Gottingenses:
613 2125 651 2159 G.
675 2124 795 2168 Korte,
832 2124 899 2159 Leo
927 2124 959 2166 †,
993 2124 1159 2164 Pohlenz,
1196 2124 1235 2157 H.
1265 2122 1419 2164 Schultz,
1453 2122 1589 2157 Viertel
1619 2122 1651 2162 †‚

614 2179 823 2213 wendland.

245 2243 561 2286 Gryphienses:
616 2244 835 2286 Haussleiter,
870 2245 1011 2286 HosiuS,
1046 2244 1189 2287 Koegel,
1224 2244 1355 2284 Kunze,
1395 2242 1651 2278 Lommatzseh.

609 2299 786 2341 Mewaldt,
842 2299 935 2341 Otto,
991 2299 1148 2340 Per-nice,
1204 2298 1374 2338 Rehmke,
1431 2297 1470 2330 H.
1501 2296 1649 2338 semine,

613 2353 650 2387 V.
675 2353 854 2395 Schultze,
889 2352 1045 2394 Thurau‚
1080 2351 1262 2394 Wiegand.

329 2429 582 2463 Proseminarii
606 2430 814 2472 philologici
837 2429 1077 2463 Berolinensis
1106 2438 1168 2470 per
1190 2437 1301 2461 unum
1324 2429 1493 2460 semestre
1517 2426 1650 2460 sodalis

221 2483 275 2518 fui
297 2483 567 2518 moderantibus
589 2484 633 2518 de
649 2482 1158 2523 Wilamowitz·Moellendorff‚
1181 2481 1440 2522 Mutschmann‚
1463 2480 1649 2522 Kirchner,

220 2537 263 2572 M.
282 2538 316 2571 C.
332 2538 369 2572 P.
393 2538 567 2580 Schmidt,
596 2539 847 2581 proseminarii
876 2537 1124 2579 Friburgensis
1149 2538 1294 2578 regente
1324 2536 1360 2569 E.
1377 2536 1558 2569 Schwartz
1588 2545 1651 2577 per

213 2601 329 2626 unum
367 2595 548 2635 semestre,
587 2592 832 2635 Gottingensis
870 2592 1145 2626 administrante
1185 2590 1225 2624 H.
1254 2590 1399 2624 Schultz
1437 2599 1500 2632 per
1538 2599 1646 2623 unum
