1980 3090
273 354 337 394 42.
367 353 495 402 Flere,
525 353 724 404 tinguere:
755 348 799 388 in
828 362 903 400 my.
934 355 1097 403 tangere
1126 362 1188 403 νη.)
1242 351 1305 389 43.
1336 350 1461 402 prelia
1508 351 1571 389 45.
1601 364 1707 402 sevo,

271 433 390 458 renus
448 420 511 457 46.
542 417 721 456 merenti.

382 495 449 534 IV.
496 495 567 544 ‘De
602 494 801 546 triumpho
837 493 1018 533 Cesaris!
1078 496 1114 533 4.
1150 494 1290 547 Tygris
1326 497 1367 545 (y
1395 505 1446 531 ex
1474 493 1487 532 i
1516 496 1606 546 ΜΞ),
1640 499 1708 534 tua

273 596 309 633 6.
331 595 584 642 Assuescent,
605 596 720 644 parta
738 592 906 644 trophea
945 595 982 631 7.
1004 606 1053 632 ex
1082 565 1194 654 parte
1235 594 1272 631 9.
1294 591 1435 632 Omnia
1477 593 1538 631 11.
1559 564 1708 631 himina

276 694 321 731 17
329 723 337 731 .
367 657 544 731 braciiati
603 691 664 729 18.
696 691 832 730 subter
858 691 899 739 (b
929 702 981 729 επ
1010 705 1035 743 p
1064 690 1144 744 m2)
1202 693 1265 732 22.
1295 658 1384 740 eris.

381 768 428 806 V.
461 768 536 817 Ad
565 767 731 806 amicam
761 767 929 856 iratantiss
988 768 1024 807 8.
1057 772 1171 807 caute
1223 769 1283 807 13.
1313 767 1431 806 Haud
1480 768 1541 805 17.
1573 780 1706 851 cregps

271 866 366 918 ¹¹er
397 867 436 917 (y
465 878 517 904 ex
544 866 557 904 i
586 864 666 918 m2)
717 867 778 905 18.
807 880 928 917 parca
976 868 1039 907 21.
1070 866 1190 916 iuvet,
1220 866 1296 905 lieo
1351 867 1413 907 24.
1445 864 1642 917 Sparserit
1671 867 1704 905 &

269 954 445 1007 integras
488 955 550 993 30.
582 953 795 1006 perhennis
839 954 902 993 33.
933 967 1004 1006 per
1031 954 1145 994 rhebi
1193 955 1256 994 34.
1287 953 1425 993 atratis
1473 954 1536 993 35.
1566 952 1705 993 bootes

270 1022 328 1068 (ot
356 1032 410 1057 ex
439 1033 490 1058 on
509 1021 587 1071 m2)
630 1021 692 1058 39.
723 1019 929 1071 gigantum
971 1021 1034 1058 40.
1066 1019 1337 1071 Thesiphones
1379 1021 1441 1057 41.
1464 1019 1705 1057 alcmeoniae

270 1087 334 1125 44.
366 1084 465 1136 tytio
524 1086 587 1123 45.
615 1083 744 1137 gentis
801 1085 865 1123 46.
896 1084 1003 1124 haud
1060 1085 1123 1123 47.
1155 1088 1345 1135 superest.

379 1161 447 1199 VI.
481 1161 555 1210 ‘Ad
576 1160 847 1212 Lygdamum.'
898 1162 933 1198 9.
957 1160 1067 1199 Sicut
1112 1162 1174 1199 13.
1194 1161 1253 1199 Ac
1273 1165 1440 1199 mestam
1485 1162 1545 1199 17.
1567 1160 1704 1199 Humi-

270 1227 398 1278 daque
455 1228 515 1264 19.
547 1225 741 1277 promissa
771 1230 831 1264 est
879 1227 941 1265 20.
972 1239 1073 1277 pene
1121 1227 1184 1266 22.
1215 1226 1323 1264 nulla
1372 1227 1435 1266 29.
1466 1225 1611 1277 strygis
1641 1225 1704 1276 (ry

269 1303 320 1328 ex
350 1291 382 1328 ri
411 1290 493 1342 ΜΞ)
541 1291 605 1329 30.
636 1290 743 1329 uicta
772 1290 857 1328 uiro
902 1292 965 1329 40.
997 1295 1036 1328 et
1065 1302 1137 1328 om.
1184 1292 1247 1329 41.
1280 1290 1393 1336 Quod
1421 1290 1518 1329 mihi
1548 1290 1592 1328 si.

377 1377 465 1416 VII.
512 1377 583 1426 ⁴De
618 1381 744 1415 morte
772 1376 874 1415 Petii
910 1382 950 1416 et
984 1377 1088 1416 malo
1118 1376 1308 1427 avaritie?
1370 1379 1403 1416 1.
1434 1377 1540 1416 vitae
1569 1391 1611 1416 es
1641 1379 1702 1426 (ae

268 1454 319 1481 ex
362 1457 385 1482 a
428 1443 505 1495 ΜΞ)
571 1443 606 1481 5.
651 1446 798 1494 petum,
843 1441 993 1482 linthea
1058 1443 1118 1482 11.
1163 1442 1323 1482 adstant
1388 1443 1449 1484 12.
1492 1456 1600 1483 mare
1644 1448 1704 1483 est

271 1511 332 1547 13.
364 1509 543 1558 orithyae
594 1510 655 1546 17.
676 1509 772 1546 Pete
820 1510 880 1547 18.
902 1508 975 1546 tibi
1005 1513 1066 1546 est
1113 1510 1177 1548 21.
1198 1508 1333 1547 littora
1378 1510 1441 1548 22.
1474 1509 1571 1557 Qua,
1601 1523 1703 1559 pena

267 1572 454 1613 minantis
494 1586 620 1625 aquae
679 1573 742 1612 24.
773 1577 948 1612 mactata
988 1576 1048 1612 est
1087 1572 1298 1626 ephigenia
1332 1573 1369 1622 (e
1396 1584 1462 1622 pr.
1496 1585 1546 1611 ex
1579 1572 1592 1612 i
1622 1573 1702 1627 ⁷²²2)

269 1640 332 1679 25.
349 1639 525 1689 positaq3
557 1641 620 1678 26.
638 1639 791 1686 Petum,
813 1639 962 1677 harena
992 1641 1055 1678 27.
1076 1639 1158 1689 peti
1179 1640 1429 1689 sepulchrum
1459 1641 1522 1679 29.
1545 1654 1702 1690 curvem)

267 1735 451 1775 iamtexite
508 1737 571 1775 33.
604 1736 800 1785 Anchora,
831 1707 947 1787 qugm
1005 1737 1068 1775 34.
1099 1750 1238 1787 parum
1272 1741 1333 1775 est
1389 1738 1453 1776 35.
1483 1736 1701 1776 Ventorum

267 1806 339 1850 est,
370 1801 476 1840 haud
532 1803 596 1839 39.
627 1814 751 1889 pup¹es
798 1802 864 1849 ,40.
896 1801 978 1840 salo
1010 1806 1070 1840 est
1126 1802 1190 1841 42.
1222 1801 1295 1840 soli
1343 1803 1406 1841 46.
1436 1802 1535 1864 nihil
1564 1802 1631 1842 ubi
1661 1803 1701 1851 (u

268 1911 317 1936 ex
337 1899 350 1936 i
370 1897 448 1969 m2)'
464 1899 555 1936 flere
587 1901 649 1936 47.
672 1899 745 1948 hec
765 1904 879 1949 petus
910 1900 973 1937 49.
997 1899 1086 1937 chio
1107 1900 1300 1948 chalamo,
1322 1899 1467 1938 orithia
1497 1901 1560 1938 54.
1581 1901 1700 1939 Petus

269 1965 332 2002 57.
364 1963 451 2015 egei
500 1965 562 2002 59.
594 1963 743 2015 primae
792 1965 856 2003 61.
886 1964 961 2013 Ah,
993 1963 1203 2014 alcimum,
1234 1963 1389 2016 affligar
1436 1966 1499 2006 62
1531 1966 1699 2015 ceruleo,

267 2056 327 2089 est
356 2015 468 2087 ‘'gg-(2)
489 2051 551 2088 63.
583 2058 696 2088 eveat
755 2052 817 2088 66.
848 2055 939 2101 peto
998 2052 1061 2089 68.
1092 2056 1231 2100 tracta,
1262 2051 1393 2090 thetis.

375 2126 484 2164 VIII.
515 2123 704 2173 Spatium
732 2124 857 2164 unius
886 2138 1033 2166 versus.
1078 2125 1241 2165 Titulus
1269 2127 1387 2166 deest.
1434 2128 1495 2166 11.
1522 2129 1698 2180 gravida,

265 2213 438 2252 convitia
500 2213 560 2250 13.
592 2226 634 2250 se
695 2213 755 2250 14.
786 2225 922 2251 menas
980 2214 1043 2251 24.
1075 2213 1285 2252 lachrimas
1334 2215 1398 2253 26.
1428 2188 1482 2252 Aut
1529 2216 1592 2254 27.
1624 2229 1699 2267 que

263 2279 352 2327 (pro
383 2277 491 2327 cum)
536 2279 599 2317 28.
630 2277 771 2316 ira-tam
816 2279 879 2318 29.
910 2283 1022 2329 grata
1067 2280 1130 2318 34.
1160 2293 1239 2330 pax
1268 2280 1308 2327 (x
1339 2291 1389 2316 ex
1416 2280 1450 2327 r)
1499 2282 1561 2319 35.
1592 2282 1699 2321 nulla

265 2347 324 2381 est
382 2344 445 2380 37.
468 2342 639 2381 tendisti
698 2344 761 2380 39.
784 2343 885 2381 'data
916 2349 977 2380 est
1033 2344 1096 2381 40.
1128 2343 1338 2382 Offensam.

373 2419 443 2458 IX.
478 2419 551 2469 ‘Ad
580 2418 853 2458 Mecenatem.'
887 2421 920 2457 1.
943 2419 1128 2458 Mecenas
1158 2421 1194 2458 3.
1216 2420 1345 2471 Turpe
1375 2395 1434 2459 est
1464 2423 1499 2460 8.
1521 2422 1697 2462 Flamma

264 2485 301 2522 9.
330 2484 486 2536 lysippo
516 2488 577 2523 est
627 2485 688 2524 10.
720 2484 910 2523 chalamis
958 2485 1017 2523 11.
1050 2484 1205 2534 tabulas
1252 2486 1312 2524 14.
1343 2487 1474 2537 miros,
1505 2487 1696 2527 achantus

266 2584 327 2620 15.
358 2582 593 2632 Phydiacus,
624 2583 769 2634 iupiter
825 2585 888 2624 21.
919 2588 1106 2667 pregppta
1164 2585 1226 2623 25.
1257 2584 1391 2623 hostes
1438 2586 1500 2623 33.
1532 2553 1695 2634 tenebzis
