1980 3090
874 258 1114 306 -82‘-

276 396 289 434 l
316 396 449 444 habet,
472 408 710 447 quamquam
730 395 815 447 ipse
843 396 1025 435 concedit
1045 409 1133 436 eum
1162 396 1266 436 inter
1292 396 1449 437 codices
1480 398 1711 438 commixtos

277 476 363 502 esse
392 461 689 501 numerandum.
748 461 794 500 In
822 461 923 500 Phil.
953 468 1046 501 tom.
1080 461 1171 512 64¹)
1202 462 1306 501 enim
1335 462 1434 502 haec
1462 464 1647 516 legimus:

322 536 328 541 ’
385 526 492 566 Mein
520 527 650 565 Urteil
678 527 776 565 iiber
805 526 881 565 den
910 527 1025 566 Wert
1054 527 1123 566 der
1151 526 1410 566 Handschrift
1439 530 1490 567 ist
1520 529 1712 568 demnach

275 593 497 647 folgendes:
543 592 623 632 Der
657 592 867 633 Lusaticus
908 593 1032 644 bietet
1071 608 1177 633 zwar
1211 593 1273 633 die
1308 593 1476 633 meisten
1517 595 1711 648 richtigen

275 661 478 707 Lesarteu,
526 659 720 697 trotzdem
761 658 914 698 kommt
956 673 998 698 er
1045 660 1135 698 dem
1175 659 1461 711 Neapolitanus
1504 673 1555 698 an
1598 661 1711 699 Wert

274 725 384 765 nicht
412 724 555 778 gleich,
586 724 637 763 da
666 738 708 763 er
737 724 969 764 wesentlich
992 725 1134 778 jungor
1157 724 1210 765 ist
1229 725 1309 765 und
1329 724 1437 765 diese
1457 724 1565 765 seine
1584 718 1710 766 Uber-

276 790 475 843 legenheit
505 791 575 829 der
600 791 865 841 Compilation
894 805 965 829 aus
995 791 1092 828 zwei
1111 789 1310 842 Vox-lagen
1340 792 1543 829 verdankt.
1592 791 1710 829 Diese

275 856 475 908 Vorlagen
516 859 677 893 miissen
719 854 815 893 aber
856 854 968 894 recht
1004 860 1097 907 gute
1131 868 1314 908 gewesen
1348 856 1445 905 sein,
1488 854 1562 895 wie
1597 860 1712 895 unter

276 922 463 962 auderem
483 921 585 960 auch
614 934 685 960 aus
706 920 783 959 den
803 920 999 972 richtigen
1020 920 1344 972 Singularstellen
1374 935 1423 960 zu
1452 922 1615 960 ersehen
1646 922 1707 962 ist.

273 987 472 1039 Vermoge
501 986 571 1025 der
602 985 871 1039 Vereinigung
904 985 974 1025 der
1001 985 1184 1039 Vorziige
1219 985 1356 1026 beider
1383 985 1709 1026 Handschriften-

273 1053 433 1092 klassen
467 1052 520 1090 ist
554 1052 624 1090 der
658 1052 671 1089 l
706 1065 770 1090 am
804 1052 943 1090 besten
977 1051 1184 1101 imstande,
1219 1051 1292 1090 mit
1320 1052 1355 1090 N
1390 1051 1453 1090 die
1483 1052 1709 1104 Grundlage

272 1119 335 1157 fiir
364 1117 440 1156 den
468 1116 728 1168 Properztext
756 1130 804 1155 zu
833 1116 984 1165 bilden3
1025 1116 1126 1155 donn
1162 1116 1288 1156 selten
1323 1131 1396 1156 nur
1430 1116 1482 1156 ist
1515 1130 1556 1156 es
1585 1116 1707 1169 notig,

275 1198 323 1222 zu
363 1184 554 1221 Lesarten
602 1182 673 1220 der
719 1182 885 1234 iibrigen
927 1182 1236 1221 Handschriften
1280 1182 1387 1221 seine
1430 1182 1614 1221 Zuflucht
1661 1197 1709 1221 zu

273 1249 456 1297 nehmen,
501 1261 544 1287 so
581 1262 613 1286 z.
640 1248 684 1286 Β.
722 1261 772 1286 an
807 1247 883 1286 den
918 1246 1078 1297 stenen,
1121 1261 1183 1286 wo
1219 1248 1255 1286 N
1290 1247 1399 1286 fehlt.
1457 1248 1553 1287 Also
1594 1262 1708 1287 wenn

274 1314 377 1353 auch
405 1313 521 1352 keine
549 1313 865 1364 hervorragende
893 1312 1328 1364 Originalhandschrift‚
1359 1312 1411 1351 ist
1439 1312 1455 1351 l
1483 1313 1586 1352 doch
1615 1313 1708 1352 eine

272 1378 400 1419 recht
427 1377 697 1418 b'rauchbare
727 1376 999 1426 Textquene,
1029 1376 1160 1416 deren
1189 1377 1311 1417 Wert
1349 1376 1423 1417 fiir
1457 1377 1526 1417 die
1555 1377 1707 1417 Kritik

272 1443 396 1484 nicht
425 1454 477 1483 zu
506 1442 840 1483 unterschiitzen
869 1443 944 1482 ist.

381 1509 468 1547 Hoc
520 1508 720 1556 iudicium,
777 1521 854 1558 quo
909 1521 1054 1559 magna
1105 1507 1314 1546 Lusaticus
1367 1509 1482 1546 laude
1535 1508 1705 1556 effertur,

271 1574 477 1613 renovavit
504 1572 722 1622 Heukrath,
753 1574 820 1625 qui
849 1572 889 1611 in
916 1572 1009 1611 diss.
1040 1586 1130 1624 pag.
1153 1574 1204 1612 62
1236 1572 1378 1623 omnia,
1409 1586 1509 1625 quae
1534 1572 1707 1612 Koehler

271 1639 442 1690 scripsit,
492 1638 604 1689 quasi
651 1643 800 1686 tuetur3
848 1651 976 1689 neque
1024 1637 1193 1677 discedit
1241 1638 1290 1676 ab
1338 1638 1492 1677 illorum
1534 1638 1706 1677 virorum

271 1703 468 1744 sententia
495 1703 538 1742 P.
569 1703 664 1743 Rasi
673 1702 716 1753 ²),
753 1703 821 1755 qui
851 1702 1037 1753 ‘omnium
1066 1702 1450 1755 praestantissimum
1478 1703 1704 1743 Lusaticum

273 1770 372 1808 esse’
409 1769 613 1808 contendit
652 1775 754 1820 Spost
787 1769 1104 1820 Neapolitanum,
1146 1782 1223 1819 quo
1259 1768 1366 1807 socio
1401 1769 1547 1820 optime
1576 1770 1707 1807 valeat

270 1834 323 1874 ad
351 1839 504 1873 textum
532 1833 713 1885 Properti
743 1833 1020 1873 statuendum⁷.

380 1898 595 1938 Videamus
614 1899 796 1950 primum,
817 1898 913 1950 quid
929 1899 977 1936 de
997 1898 1046 1936 iis
1066 1898 1315 1947 lectionibus,
1339 1913 1437 1949 quas
1460 1899 1703 1951 ‘singulares’

256 1954 486 2015 ¹appellavit
504 1963 689 2011 Koehler‚
719 1963 973 2002 iudicandum
993 1962 1062 2001 sit!
1111 1963 1157 2001 In
1178 1962 1455 2002 dissertatione
1481 1963 1585 2002 enim
1613 1963 1704 2002 inde

270 2043 295 2068 a
313 2043 403 2081 pag.
429 2030 477 2068 13
498 2043 582 2080 sqq.
604 2029 670 2067 ille
692 2043 827 2068 omnes
849 2043 916 2068 eos
946 2029 1054 2067 locos
1085 2034 1299 2078 enumerat,
1332 2029 1475 2080 quibus
1495 2029 1703 2068 Lusaticus

270 2095 378 2133 solus
407 2098 554 2133 rectam
585 2094 795 2133 lectionem
824 2093 1051 2143 servaverit,
1083 2094 1265 2145 idemque
1303 2094 1343 2132 in
1377 2092 1568 2147 philologi
1596 2100 1703 2133 tomo

269 2158 618 2210 commemorat03)
638 2165 803 2198 annotat
822 2173 880 2208 ea,
911 2173 1012 2210 quae
1031 2172 1111 2198 non
1136 2158 1212 2198 nisi
1241 2159 1281 2198 in
1310 2160 1324 2198 l
1352 2160 1545 2212 legantur,
1576 2165 1616 2198 et
1644 2173 1701 2209 ea,

268 2239 370 2277 quae
405 2238 485 2264 non
519 2226 557 2263 in
588 2225 601 2263 l
636 2225 719 2263 solo
755 2229 922 2273 exstent,
967 2225 1037 2264 sed
1076 2224 1196 2264 etiam
1235 2224 1275 2263 in
1315 2225 1403 2265 aliis
1444 2224 1645 2265 codicibus
1680 2239 1704 2264 a

268 2290 450 2330 manibus
493 2290 779 2342 posterioribus
827 2290 963 2329 addita
1010 2290 1099 2329 sint.
1176 2290 1235 2329 Ex
1282 2291 1424 2342 quibus
1466 2290 1702 2330 lectionibus

267 2356 474 2394 Heukrath
502 2355 544 2393 in
573 2354 863 2394 dissertationis
889 2368 979 2407 pag.
1003 2355 1052 2393 58
1082 2368 1157 2411 eas
1176 2355 1300 2405 affert,
1331 2370 1431 2408 quae
1463 2356 1513 2406 ⁶in
1544 2354 1702 2407 optimis

266 2420 472 2460 codicibus
518 2434 596 2459 non
645 2420 922 2459 inveniantur’.
995 2420 1101 2466 Quos
1149 2425 1280 2459 autem
1328 2421 1449 2461 libros
1496 2420 1702 2459 Heukrath

377 2516 408 2557 1)
435 2516 478 2550 cf.
502 2526 582 2558 pag.
605 2516 738 2556 416s17.

375 2572 410 2611 2>
434 2571 478 2604 cf.
503 2571 580 2604 Riv.
605 2571 643 2604 di
666 2572 715 2604 fil.
740 2573 824 2605 tom.
849 2581 942 2605 anno
968 2572 1052 2604 1906
1075 2571 1130 2604 ed.
1154 2581 1233 2613 pag.
1257 2572 1331 2605 454.
1407 2574 1409 2585 ¹

375 2626 408 2665 3)
434 2626 477 2658 cf.
502 2635 582 2667 pag.
606 2626 679 2659 416.
