1980 3090
839 279 1078 316 -49—

566 402 637 455 (U)

240 471 299 512 III
326 475 359 510 1.
390 469 552 509 nullum
580 483 604 506 v

242 542 298 580 IV
324 542 359 577 3.
390 539 580 577 detrectat

241 613 277 651 v
300 614 362 651 10.
391 608 540 648 redibis
569 598 721 657 (falson

241 681 319 722 VII
347 680 500 720 Titulus
529 678 596 717 Ad
625 676 837 729 Cynthiam

325 748 361 788 2.
392 743 498 784 edita
526 744 682 792 (contra
709 743 912 797 metrum!)

242 812 337 852 VIII
366 813 429 850 31.
458 809 580 860 fuya-3
607 809 648 861 (v
675 825 743 862 mg
769 809 889 861 fuya)

242 882 303 922 IX
335 883 396 920 12.
426 879 619 919 simeonta
646 878 797 931 (falso!)
826 895 851 920 v

298 949 361 986 24.
391 945 527 994 fruere

1315 402 1382 456 (Ο)

1021 468 1177 507 nullam
1205 469 1363 519 (melius
1373 468 1401 520 ἔ)

1023 537 1218 577 detractat
1246 553 1280 577 v.
1311 537 1521 590 (detractet
1546 536 1598 588 F)

1022 608 1165 648 redibit
1193 625 1217 649 v

1021 679 1085 719 De
1115 678 1287 730 Cynthia
1315 696 1339 720 v

1022 743 1149 785 edicta

1019 810 1141 861 fuyas
1171 811 1330 861 (recte!)
1358 826 1382 849 v

1021 880 1218 920 simoenta

1021 945 1164 994 fruare
1193 945 1387 997 (melius!)
1415 960 1439 984 v

298 1013 361 1053 26.
392 1009 616 1059 potirentur
625 1015 779 1061 (contra
789 1016 955 1051 metrum
964 1011 991 1062 l)
1016 1012 1254 1062 poterentur
1270 1011 1306 1050 N
1321 1026 1345 1050 v
1384 1012 1624 1060 potarentur
1636 1011 1668 1051 F

244 1142 284 1181 X
312 1141 465 1180 Titulus
494 1139 561 1179 Ad
588 1140 817 1190 Auyustum

243 1238 321 1277 XII
354 1239 414 1277 18.
444 1211 515 1276 ssed
537 1249 644 1287 puer
672 1211 730 1276 get

245 1368 322 1406 XV
353 1370 415 1408 22.
445 1367 508 1405 hic
535 1367 689 1417 (falso!)

246 1438 343 1478 XVI
370 1438 438 1477 Ad
465 1436 678 1488 Cynthiam

301 1507 365 1543 45.
395 1502 478 1542 Nec
506 1503 658 1554 (falso!)

245 1569 345 1608 XIX
376 1570 439 1610 23.
470 1580 540 1607 nee
568 1569 619 1622 U1
652 1567 750 1621 (non
778 1567 848 1622 U2)

246 1666 346 1704 XXI
378 1666 439 1705 18.
470 1641 612 1704 caz'aere

1073 1078 1306 1123 peterentur
1333 1076 1414 1114 DV

1026 1141 1138 1180 deest
1165 1140 1205 1201 in
1235 1140 1267 1180 Ο
1297 1155 1320 1179 v

1023 1236 1060 1275 si
1087 1249 1194 1285 puer
1227 1239 1285 1275 est
1319 1237 1351 1276 Ο
1380 1252 1405 1276 v

1075 1301 1117 1354 (v
1153 1318 1220 1355 mg
1252 1301 1290 1341 si
1318 1315 1424 1353 puer
1457 1315 1507 1341 ex
1529 1334 1537 1342 .
1557 1301 1584 1351 .)

1023 1366 1092 1405 hoe
1120 1368 1200 1406 DV
1227 1382 1252 1405 v
1281 1366 1408 1416 h(a)ec
1435 1368 1517 1406 NF

1022 1438 1090 1476 Ad
1118 1436 1331 1489 Cynthiam
1359 1438 1409 1477 de
1436 1438 1591 1478 aemulo
1619 1453 1644 1478 v

1021 1503 1136 1542 Haec
1164 1518 1189 1542 v

1022 1567 1148 1619 Μαλέα
1177 1568 1209 1609 Ο
1238 1583 1262 1608 v
1291 1567 1452 1621 (recte!)

1024 1676 1158 1704 cavere

246 1737 438 1777 XX1126.
451 1736 628 1775 noctibus
638 1737 997 1786 (contrametrumn
1019 1739 1144 1774 noctu
1171 1735 1231 1774 bis
1259 1751 1283 1774 v

303 1804 366 1840 41.
397 1800 512 1840 navis

302 1869 366 1907 43.
397 1868 502 1906 dura
522 1880 561 1906 es
590 1868 745 1916 (contra
763 1867 969 1918 metrum!)

303 1967 365 2004 48.
397 1940 469 2003 cu}

248 2031 395 2070 XXIV.
422 2032 574 2071 Titulus
595 2030 711 2079 Quod
730 2044 873 2070 amans
892 2044 971 2070 non

397 2098 455 2134 est
485 2095 583 2135 liber

248 2162 366 2200 XXV
399 2164 458 2201 18.
490 2161 689 2201 immerita
718 2161 878 2214 (reete!)
908 2177 930 2201 v

306 2228 366 2266 19.
397 2229 601 2266 contentus

249 2292 386 2331 XXVI
417 2294 478 2331 17.
508 2291 711 2331 incarrere

303 2359 367 2397 29.
398 2358 551 2397 Titulus
594 2357 658 2396 De
701 2357 830 2397 amica
871 2370 947 2397 sua

394 2423 669 2473 persequenda

249 2489 407 2528 XXVII
436 2490 624 2529 adhaeret
650 2490 772 2542 priori
802 2490 841 2529 in
870 2490 906 2529 U

315 2707 389 2731 Dies.
408 2707 592 2731 Neumann.

1025 1799 1159 1839 navim
1173 1799 1266 1852 (-em
1281 1801 1312 1840 F
1322 1800 1371 1853 L)
1387 1801 1419 1840 O
1439 1815 1463 1840 v
1478 1800 1672 1852 (melius!)

1027 1878 1065 1905 es
1093 1867 1198 1905 dura
1226 1881 1248 1905 v

1025 1975 1096 2003 cur
1124 1964 1155 2004 O
1184 1979 1208 2003 v
1238 1963 1321 2017 (mg
1349 1970 1399 2004 ca
1423 1965 1464 2014 v)

1027 2031 1091 2069 Ad
1120 2029 1334 2080 Cynthiam
1361 2031 1393 2069 F
1421 2045 1446 2069 v

1079 2094 1172 2146 (om.
1201 2096 1237 2134 N
1253 2096 1284 2134 L
1298 2096 1334 2134 D
1347 2094 1396 2146 V)

1026 2160 1070 2199 in
1097 2160 1241 2199 ‘merita
1270 2161 1301 2200 Ο

1025 2228 1268 2275 contempt-us
1298 2241 1322 2265 v

1027 2303 1183 2329 currere
1212 2306 1237 2330 v

1026 2358 1136 2396 deest
1164 2357 1204 2396 in
1234 2357 1266 2397 O
1297 2372 1319 2396 v

1026 2489 1138 2528 Nova
1179 2489 1308 2541 elegia
1347 2504 1436 2529 eum
1478 2489 1593 2529 titulo

1079 2552 1144 2591 De
1169 2552 1322 2592 ineerta
1341 2553 1437 2593 hora
1456 2553 1593 2593 mortis

1081 2621 1120 2657 in
1150 2618 1182 2658 Ο
1212 2634 1235 2658 v
1265 2619 1357 2671 (om.
1390 2619 1440 2671 V)

1544 2698 1566 2728 4
