1980 3090
867 233 1105 270 -55-

273 365 380 401 leves
408 361 659 409 mutationes,
703 375 803 412 quae
843 362 892 400 ab
927 362 976 399 iis
1005 376 1175 414 quoque,
1219 362 1285 414 qui
1319 363 1424 400 hunc
1453 360 1597 399 librum
1625 373 1705 398 non

272 428 539 479 inspexerunt,
569 426 684 466 facile
713 426 880 466 inveniri
907 432 1088 479 possunt;
1124 427 1214 476 alia,
1251 441 1352 479 quae
1381 431 1474 466 sunt
1506 424 1703 478 graviora,

273 492 314 530 in
354 491 552 530 nonnullis
589 490 791 530 codicibus
832 491 1068 531 familiarum
1111 491 1372 545 (A)F(L)DV
1402 496 1443 530 et
1470 491 1506 529 N
1539 490 1620 529 iam
1653 489 1704 528 ab

274 558 398 597 altera
430 571 549 596 manu
583 556 666 596 sive
695 557 830 597 addita
858 556 941 597 sive
978 563 1153 598 correcta
1181 558 1370 608 videmus,
1406 557 1464 597 ita
1491 561 1535 596 ut
1563 570 1612 595 ne
1641 554 1703 594 his

274 622 432 674 quidem
474 621 572 661 locis
608 621 812 662 Urbinatis
846 622 993 663 auxilio
1035 623 1150 663 nobis
1186 637 1283 676 opus
1319 623 1382 663 sit.
1440 622 1568 674 Saepe
1609 634 1703 660 vero

273 688 394 727 verba
422 686 601 740 legimus,
632 701 744 739 quae,
775 701 864 728 cum
892 688 1141 739 abhorreant,
1175 688 1243 728 ubi
1271 688 1385 728 nobis
1420 691 1643 736 occurrunt,
1679 700 1704 725 a

274 766 452 793 sermone
480 753 636 802 Latino,
673 758 779 793 certo
807 768 886 793 non
915 755 1051 794 eadem
1086 759 1187 804 sunt,
1224 769 1323 806 quae
1353 753 1581 806 Propertius
1615 752 1703 803 ipse

274 818 443 869 scripsit.
502 818 629 865 Quare
660 833 806 870 omnes,
836 834 933 871 quas
963 834 1081 871 supra
1115 820 1241 869 attuli,
1277 820 1466 859 lectiones
1496 816 1701 858 Urbinatis

273 883 339 922 vix
369 883 511 935 dignae
543 889 644 934 sunt,
676 898 775 936 quae
805 884 846 923 in
874 889 1105 937 apparatum
1135 884 1314 924 criticum
1350 884 1567 923 editionum
1600 882 1700 922 reci-

272 948 448 999 piantur;
491 948 590 987 nihil
623 944 727 988 enim
760 949 804 987 in'
835 949 913 988 illis
946 950 1123 989 versibus
1160 952 1200 988 in
1236 950 1270 989 U
1300 954 1372 999 est,
1417 939 1522 1000 quod
1555 948 1702 987 habeat

273 1015 474 1065 propriu-m
501 1014 681 1065 pretium.

382 1089 566 1128 Fortasse
596 1095 739 1140 tamen,
774 1090 842 1129 ubi
870 1090 905 1129 N
934 1090 1077 1141 deficit,
1121 1091 1172 1130 ad
1207 1091 1383 1130 codicem
1418 1090 1453 1129 U
1489 1089 1700 1140 confugere

273 1154 387 1193 nobis
417 1154 522 1193 licet.
570 1155 629 1193 Ac
657 1155 825 1206 primum
853 1157 893 1193 in
922 1155 1092 1194 carmine
1118 1155 1209 1194 libri
1237 1155 1304 1194 IV.
1326 1154 1534 1194 undecimo
1563 1166 1700 1191 versus

274 1219 365 1257 inde
413 1234 437 1258 a
479 1219 645 1271 septimo
692 1219 844 1259 decimo
886 1234 1009 1272 usque
1059 1221 1109 1259 ad
1163 1219 1498 1272 septuagesimum
1546 1223 1701 1257 sextum

274 1284 314 1323 in
353 1284 614 1337 Neapolitano
657 1300 734 1325 uno
777 1285 870 1325 folio
913 1285 1125 1338 interlapso
1170 1285 1305 1325 omissi
1350 1290 1452 1325 sunt.
1521 1283 1701 1323 Vidimus

274 1356 406 1389 autem
434 1350 668 1390 Urbinatem
702 1365 856 1403 semper
888 1351 968 1390 fere
1003 1366 1090 1390 cum
1118 1352 1154 1390 N
1183 1356 1320 1391 contra
1356 1355 1509 1390 ceteros
1544 1347 1702 1389 codices

274 1418 357 1455 sive
387 1430 521 1455 omnes
551 1416 635 1455 sive
664 1417 872 1456 nonnullos
900 1417 1041 1465 facere,
1069 1416 1206 1468 paucis
1235 1416 1333 1455 locis
1364 1430 1388 1455 a
1414 1416 1450 1454 N
1478 1414 1700 1455 dissentire.

275 1481 403 1527 Quare
432 1481 527 1533 quid
556 1482 700 1531 obstat,
731 1481 825 1533 quin
852 1481 1075 1531 lectionum,
1106 1495 1206 1533 quae
1235 1483 1276 1519 in
1296 1481 1329 1520 U
1352 1480 1392 1519 in
1418 1480 1496 1519 illis
1522 1479 1702 1519 versibus

275 1552 495 1596 occurrunt,
526 1547 739 1586 maximam
757 1547 974 1598 partem-in
994 1547 1206 1599 exemplari
1226 1561 1250 1585 a
1268 1545 1522 1597 Neapolitani
1540 1544 1701 1584 librario

275 1611 472 1662 descripto
514 1611 636 1650 fuisse
679 1611 937 1650 arbitremur?
997 1611 1168 1650 Afferam
1211 1612 1283 1650 has
1324 1624 1459 1649 omnes
1499 1609 1701 1656 lectiones,

274 1690 374 1728 quae
422 1676 601 1716 diversae
649 1681 740 1716 sunt
786 1676 827 1715 in
873 1677 904 1716 F
918 1677 950 1715 L
965 1676 1076 1726 DV,
1104 1676 1283 1715 diversae
1331 1675 1371 1714 in
1413 1675 1451 1715 U
1493 1673 1535 1726 (l,
1565 1674 1618 1724 v),
1659 1678 1704 1714 ut

275 1747 548 1793 cognoscatur,
582 1756 683 1794 quae
718 1741 771 1781 sit
797 1741 986 1781 memoria
1014 1741 1054 1780 in
1082 1742 1119 1781 U
1148 1746 1188 1780 et
1214 1741 1383 1780 fortasse
1411 1740 1452 1779 in
1480 1740 1517 1779 N
1542 1739 1701 1779 tradita.

738 1871 963 1913 Tabqvln.
1018 1871 1050 1913 N
1080 1870 1240 1914 deficit.

273 1958 326 1998 IV
359 1960 488 2007 11,18.
518 1957 599 1997 Det
620 1961 742 2006 pater
771 1957 931 2011 (recte!)
1055 1960 1108 1997 da
1139 1959 1189 2011 V2

423 2023 459 2061 U
487 2024 540 2061 lv
570 2023 602 2062 O
1055 2057 1056 2060 ,

423 2088 585 2127 umbrae
614 2090 747 2129 ULD
765 2089 800 2128 V
831 2091 884 2128 lv
1055 2088 1099 2127 in
1126 2088 1230 2140 (exp.
1260 2089 1337 2141 m2)
1366 2088 1485 2128 abere
1515 2089 1546 2128 F

329 2155 391 2194 20.
422 2152 571 2192 iudicet
598 2155 634 2194 U
650 2155 732 2193 LD
750 2154 785 2193 V
814 2155 866 2193 lv
1055 2152 1232 2192 uindicet
1260 2152 1421 2206 (recte!)
1449 2155 1480 2193 F

328 2221 390 2260 21.
421 2219 520 2257 sella
550 2222 586 2258 et
613 2221 702 2259 UV
732 2221 784 2259 lv
1053 2219 1151 2258 sella
1178 2220 1304 2259 FLD

329 2285 391 2324 23.
423 2283 592 2336 Sisyphe
619 2286 656 2325 U
671 2286 703 2324 L
718 2286 753 2324 D
769 2286 803 2325 V
834 2300 857 2325 v
1052 2283 1236 2336 Sinciphe
1263 2286 1295 2324 F

421 2350 606 2402 (Sysiphe
635 2351 666 2403 l)
1107 2352 1171 2404 (F2
1200 2366 1267 2403 mg
1297 2349 1472 2404 Sisiphe)

328 2417 391 2456 26.
423 2415 521 2454 lama
548 2415 709 2469 (recte!)
737 2418 914 2457 ULDV
938 2419 996 2457 lv
1054 2416 1169 2466 lapsa
1197 2417 1228 2455 F

329 2483 391 2522 29.
423 2480 586 2531 trophea
615 2481 747 2521 decori
775 2484 812 2522 U
1054 2482 1193 2521 decora
1223 2482 1377 2531 trophei
1406 2484 1438 2523 O

556 2534 593 2566 (2)

423 2578 584 2628 trophea
614 2579 744 2619 decori
772 2581 825 2620 lv
1108 2545 1235 2599 (fama
1264 2547 1397 2588 ἀκοή
1424 2549 1479 2603 V2
1507 2546 1591 2602 mg)
