1980 3090
867 215 1082 250 -7-

593 373 706 427 Pars
741 373 768 426 Ι.
826 373 889 426 De
923 373 1085 426 codice
1119 372 1351 425 urbinate.

370 485 453 525 Iam
481 486 729 526 attendamus
758 485 908 526 animos
937 485 989 526 ad
1016 484 1250 526 Urbinatem
1279 485 1370 524 641.
1427 482 1614 533 Primum,
1644 486 1688 523 ut

263 551 310 589 de
338 550 532 602 scriptura
550 551 666 590 huius
696 551 844 591 codicis
873 552 1030 591 saeculo
1050 551 1139 590 XV.
1161 550 1313 590 exarati
1332 550 1523 589 nonnulla
1541 549 1689 598 dicam⁷

260 615 301 655 in
320 615 357 656 U
386 616 522 656 eadem
550 630 611 657 res
640 616 756 657 nobis
787 616 957 657 occurrit
985 621 1102 670 atque
1130 618 1171 656 in
1200 615 1341 656 ceteris
1360 615 1484 666 libris,
1515 614 1583 667 qui
1602 614 1681 654 illis

260 681 501 732 temporibus
536 682 611 720 orti
646 687 748 720 sunt.
807 681 978 720 Confusa
1014 682 1118 720 enim
1146 686 1238 720 sunt
1265 681 1369 719 inter
1397 694 1439 720 se
1469 694 1493 719 a
1520 679 1682 719 librario

260 745 462 797 permultis
497 746 593 786 locis
621 746 792 796 litterae,
827 747 936 786 velut
969 759 996 796 y
1024 751 1064 786 et
1090 745 1118 797 i,
1152 746 1210 786 ita
1242 751 1287 786 ut
1319 747 1513 799 legamus:
1549 743 1681 795 ilyon,

260 810 424 860 sydera,
454 809 659 860 hya-sides,
690 822 878 860 oryquos‚
907 813 1059 860 tqus,
1089 822 1255 861 sycano,
1277 810 1436 860 laydos,
1456 808 1684 860 cytharam,

261 874 433 924 tythom‘,
462 874 672 925 sydoniae,
702 874 849 925 tyberi,
879 875 1023 925 nyobe,
1052 874 1206 925 ydibus
1225 881 1265 915 et
1276 874 1504 925 parmam,
1533 873 1681 924 illiria,

260 939 455 989 tirrhena,
488 940 656 991 calipso,
687 940 866 990 driades,
898 940 1045 989 lincea,
1068 939 1310 990 polipheme‚
1340 939 1472 991 stiqio.
1530 940 1681 980 Littera

260 1008 275 1043 t
302 1008 432 1057 posita
460 1011 521 1045 est
544 1020 615 1057 pro
646 1017 666 1044 c
699 1008 739 1044 in
768 1004 954 1054 conditio,
984 1004 1150 1053 delitiis,
1178 1004 1340 1054 sotium,
1374 1005 1534 1054 species,
1563 1017 1583 1043 c
1610 1019 1682 1057 pro

259 1073 275 1110 t
302 1071 342 1111 in
361 1069 642 1121 ‘meneciadem
679 1069 844 1119 euricio,
882 1070 1000 1120 tacio‚
1036 1069 1138 1120 ocia,
1173 1083 1193 1110 s
1227 1085 1299 1124 pro
1336 1084 1365 1110 x
1399 1073 1440 1111 in
1471 1069 1619 1119 xersiS,
1653 1082 1683 1109 a:

259 1151 329 1187 pro
363 1148 383 1174 s
417 1137 457 1174 in
492 1135 700 1184 eoequiliis,
741 1148 795 1184 qn
827 1150 899 1188 pro
933 1148 953 1175 e
986 1137 1027 1175 in
1062 1135 1284 1185 liqwride,
1328 1148 1523 1187 oryquos.
1584 1137 1685 1175 Tum

260 1201 564 1253 dipthongorum
593 1213 639 1239 ae
669 1207 708 1240 et
736 1214 779 1240 oe
805 1203 936 1241 locum
964 1203 1194 1254 saepissime
1213 1203 1346 1241 littera
1374 1202 1541 1253 simplex
1570 1214 1590 1239 e
1617 1202 1685 1241 ob-

258 1267 369 1317 tinet,
398 1267 507 1307 velut
534 1267 572 1306 in
603 1265 689 1312 hcc,
725 1265 921 1317 hemonio,
952 1278 1149 1317 mecenas,
1179 1266 1360 1317 meotiea,
1390 1266 1513 1316 secla,
1542 1266 1685 1315 hcdus,

260 1344 422 1380 menas;
444 1331 590 1381 phebo,
619 1344 742 1380 pena,
773 1344 949 1382 cresum;
980 1347 1200 1373 consonans
1220 1333 1420 1385 geminata
1449 1332 1619 1373 occurrit
1646 1332 1687 1371 in

260 1396 489 1446 oppidano,
519 1395 724 1447 hippanis
744 1401 812 1447 (=
832 1395 1033 1448 hypanis),
1062 1396 1284 1447 missenus,
1314 1409 1500 1447 occeano,
1523 1396 1666 1438 littora
1673 1408 1689 1445 ‚·

259 1462 346 1502 aliis
375 1464 486 1513 locis,
515 1463 583 1502 ubi
612 1464 712 1502 duae
742 1469 1003 1503 consonantes
1031 1464 1271 1516 flagitantur,
1301 1479 1380 1504 una
1407 1468 1549 1513 exstat,
1582 1463 1687 1503 velut

259 1529 299 1567 in
345 1526 512 1578 iupiter,
553 1526 700 1578 pupis,
748 1527 946 1578 retulerit,
993 1530 1191 1578 querelae,
1239 1528 1443 1579 cominus,
1500 1534 1687 1579 quatuor,

259 1592 479 1632 hanibalis.
548 1594 741 1645 Denique,
790 1595 897 1646 quod
937 1595 1109 1646 pertinet
1150 1596 1202 1634 ad
1248 1595 1540 1646 aspirationem,
1588 1594 1689 1634 mira

259 1659 457 1699 scribendi
489 1661 642 1699 ratione
675 1660 858 1700 librarius
888 1660 1092 1700 Urbinatis
1126 1674 1220 1700 usus
1255 1666 1326 1700 est.
1383 1660 1549 1700 Addidit
1578 1659 1682 1700 enim

257 1724 430 1763 litteram
463 1723 489 1761 h
522 1725 563 1763 in
592 1724 821 1773 archadiis,
857 1728 973 1773 elwa,
1010 1724 1241 1776 lachrimis,
1270 1724 1457 1775 ythachi,
1487 1724 1683 1775 cholchis,

259 1788 463 1838 chalamo,
512 1792 692 1838 chacus;
739 1789 955 1840 bosphore,
1008 1788 1240 1841 hysiphile;
1292 1793 1425 1840 thoro,
1472 1789 1682 1842 galathea,

259 1854 458 1905 cathenis,
489 1854 682 1908 thanaim
713 1854 888 1904 linthea,
909 1858 1062 1903 thura;
1089 1858 1211 1905 hara,
1232 1855 1449 1906 hismaria,
1468 1859 1682 1905 horestem,

258 1923 440 1971 humero,
488 1921 621 1961 omisit
669 1921 708 1961 in
756 1923 883 1971 aveat,
930 1920 1112 1972 immina,
1159 1934 1302 1971 renus,
1350 1921 1511 1971 treicia-
1562 1923 1679 1972 edus,

257 1985 478 2036 iacynthos,
527 1985 677 2026 oratia.
748 1986 955 2026 Sufficiant
996 1988 1107 2037 haec,
1156 2001 1244 2027 cum
1287 1993 1418 2027 cetera
1460 1988 1592 2027 omnia
1633 2001 1683 2026 ex

256 2052 414 2102 tabulis,
458 2066 558 2104 quae
601 2057 829 2104 sequuntur,
875 2054 1061 2105 cognosci
1102 2052 1269 2105 possint.
1344 2054 1390 2093 In
1431 2054 1536 2094 hunc
1578 2053 1683 2093 enim

256 2117 426 2156 indicem
468 2131 603 2156 omnes
645 2117 834 2157 lectiones
878 2117 1053 2157 diversas
1098 2118 1147 2157 ab
1190 2118 1251 2167 iis,
1296 2132 1393 2169 quas
1436 2118 1476 2157 in
1510 2118 1683 2157 editione

256 2182 514 2235 Propertiana
552 2197 576 2223 a
613 2183 658 2223 L.
693 2182 882 2222 Muellero
922 2182 1080 2235 Lipsiae
1120 2184 1223 2223 1870
1271 2182 1453 2223 instituta
1502 2183 1681 2237 legimus,

256 2248 388 2299 recepi
417 2249 555 2288 eadem
583 2263 676 2288 usus
704 2248 856 2287 ratione
885 2262 931 2288 ac
955 2248 998 2287 P.
1018 2249 1203 2298 Koehler,
1234 2249 1301 2301 qui
1320 2249 1361 2288 in
1379 2249 1480 2288 Phil.
1500 2254 1596 2288 tom.
1617 2250 1682 2288 64.

256 2313 348 2353 inde
368 2328 391 2353 a
409 2328 499 2367 pag.
521 2315 600 2354 413
621 2328 705 2366 sqq.
745 2313 919 2353 Lusatici
939 2313 1087 2353 codicis
1105 2313 1294 2354 lectiones
1323 2313 1364 2353 in
1391 2313 1566 2354 medium
1593 2328 1684 2366 pro-

256 2379 440 2430 posuitl).
509 2379 664 2431 Singuli
707 2383 839 2418 autem
877 2378 968 2418 libri
1007 2378 1239 2431 singulaque
1279 2379 1453 2419 carmina
1491 2379 1549 2418 ita
1582 2385 1625 2418 ut
1659 2393 1683 2418 a

257 2444 497 2483 Baehrensio
525 2444 628 2483 inter
660 2458 703 2483 se
732 2458 756 2482 a
782 2457 845 2482 me
874 2443 1064 2495 discripta
1092 2448 1195 2482 sunt.

365 2531 399 2570 1)
428 2530 573 2565 Formas
606 2532 746 2573 quanvis
779 2541 962 2572 nunqnam,
996 2541 1122 2572 cunque
1155 2531 1234 2572 etc„
1268 2541 1473 2574 compescere,
1507 2533 1684 2574 imponere,

256 2586 432 2626 immerito,
456 2586 581 2628 impius
603 2584 740 2618 similes
763 2584 802 2618 in
825 2584 856 2618 U
878 2584 1030 2618 usitatas
1052 2583 1208 2627 neglexi.
