1980 3090
821 429 825 431 .
850 379 865 386 ⁷
894 362 1029 436 ainitto
1057 399 1096 438 X

738 452 895 487 ‚l
1027 454 1150 486 Nc!

698 491 861 531 admitto
888 493 960 532 Ν
1111 494 1246 534 amitto
1275 496 1324 535 U.

389 604 475 643 Hoc
505 603 643 642 eodem
671 603 787 642 modo
817 583 914 642 illixd
943 571 1119 666 affueiit,
1157 605 1263 657 quod
1297 619 1416 657 supra
1444 606 1571 655 attuli,
1607 605 1707 644 bene

281 680 469 733 explicari
503 694 621 732 posse
654 680 750 719 mihi
783 680 967 720 videtur:
983 681 1036 721 ·In·
1073 683 1209 722 codice
1237 683 1277 721 X
1304 682 1474 734 primum
1502 683 1709 735 legebatur

282 743 460 797 affuerit,
497 745 602 797 quod
637 759 684 785 ex
720 745 854 785 codice
888 747 1061 787 nondum
1096 752 1272 787 correcto
1301 747 1433 824 haglsit
1460 748 1508 793 N,
1544 752 1629 787 tum
1657 749 1707 787 ab

280 834 405 873 altera
433 847 551 872 manu
581 833 726 873 codicis
755 834 795 872 X
822 834 939 873 lectio
968 839 1120 874 mutata
1149 839 1209 874 est
1238 835 1276 873 in
1304 832 1482 884 affuerit,
1523 835 1707 874 librarius

278 915 412 959 ¹autem
440 910 644 950 Urbinatis
681 912 822 960 omnia,
859 926 959 963 quae
988 914 1028 951 in
1057 913 1167 951 fonte
1200 911 1361 961 invenit,
1397 911 1593 963 repetivit,
1630 926 1707 963 quo

280 997 426 1036 factum
468 1001 539 1047 est,
583 1001 627 1036 ut
659 1011 761 1036 nunc
794 998 970 1051 legamus
1006 998 1046 1037 in
1081 998 1119 1037 U
1153 965 1330 1048 affuerit.
1405 998 1541 1050 Neque
1577 998 1710 1037 obstat

282 1073 500 1113 sententiae
535 1087 646 1112 meae
679 1087 814 1113 versus
846 1075 885 1113 II
914 1076 992 1125 8,4‚
1028 1074 1095 1114 ubi
1124 1075 1160 1113 N
1177 1053 1362 1126 ‘praebet
1391 1072 1517 1112 lenior
1546 1075 1609 1126 (F2
1624 1073 1708 1127 V2),

281 1162 325 1214 F¹
361 1159 498 1210 leuior,
534 1161 571 1201 U
602 1134 737 1201 leiiior.
795 1162 880 1202 Hoc
910 1176 1066 1214 quoque
1098 1162 1186 1202 loco
1216 1162 1295 1201 iam
1324 1161 1364 1201 in
1391 1162 1499 1201 fonte
1529 1161 1642 1201 codd.
1673 1162 1710 1201 U

282 1264 322 1299 et
355 1260 391 1299 N
433 1259 531 1299 duas
572 1259 760 1299 lectiones
799 1260 919 1300 fuisse
962 1264 1057 1313 puto
1102 1234 1240 1309 leiiior,
1284 1260 1387 1300 unde
1431 1260 1641 1312 descripsit
1676 1260 1711 1298 N

283 1357 420 1408 lenior,
451 1359 488 1398 U
518 1332 655 1397 leiiior.
714 1359 770 1398 Cf.
801 1358 930 1409 etiam,
949 1345 1062 1411 *quae
1091 1359 1132 1398 in
1161 1359 1272 1399 libris
1301 1359 1361 1398 III
1390 1364 1430 1398 et
1459 1359 1515 1398 IV
1541 1363 1710 1408 exstant,

281 1456 342 1496 III
372 1458 475 1503 7,33.
506 1430 621 1506 quim
1063 1463 1200 1507 (quam
1230 1471 1278 1496 ex
1307 1469 1421 1506 quem
1452 1471 1550 1497 corr.
1581 1457 1628 1503 F)

404 1557 466 1594 47.
496 1530 565 1607 Ῐιὲο
1061 1554 1155 1593 haec
1184 1556 1220 1594 N
1248 1554 1354 1593 hunc
1383 1556 1458 1593 DV
1486 1554 1555 1592 hoc
1584 1556 1614 1594 F

247 1651 250 1654 ·
281 1665 287 1671 -
339 1655 401 1702 10,
432 1655 468 1692 4.
501 1621 584 1691 ιῖἷνη
1061 1654 1120 1690 ter
1148 1653 1180 1692 o

339 1719 468 1768 1333.
499 1717 572 1768 hic,
602 1718 670 1757 ubi
698 1718 830 1757 littera
864 1718 904 1756 in
938 1718 1044 1756 fonte
1080 1717 1226 1757 codicis
1271 1717 1538 1770 suprascripta
1577 1718 1710 1769 negle-

499 1783 638 1846 gentia¹
647 1783 798 1823 librarii
814 1782 968 1833 omissa,
985 1787 1173 1834 punctum
1185 1787 1317 1823 tamen
1332 1784 1404 1822 sub
1420 1782 1436 1820 i
1449 1782 1620 1835 positum
1637 1787 1709 1833 ost,

340 1850 469 1899 16‚14.
505 1848 594 1887 “deo
1062 1847 1131 1887 deo
1161 1848 1192 1888 O

405 1949 468 1988 21.
498 1914 669 1996 ftuinine
698 1947 736 1987 U
1060 1945 1233 1996 fulmine
1259 1947 1295 1986 N
1324 1947 1388 1995 (ex
1418 1960 1517 1987 corr.
1548 1947 1634 1986 cod.
1654 1946 1710 1996 X)

516 2044 532 2067 a
1112 2010 1279 2060 flumine
1307 2011 1339 2051 O

337 2079 401 2126 21,
431 2079 467 2115 7.
498 2076 647 2115 amittit
674 2078 711 2117 U
842 2130 844 2133 v
1060 2075 1208 2115 amittit
1232 2077 1268 2116 N
1283 2077 1328 2129 F1
1385 2075 1562 2114 admittit
1591 2077 1622 2116 O

337 2176 467 2224 23‚20.
499 2148 612 2213 diras
640 2176 677 2214 U
909 2197 911 2199 -
1061 2172 1173 2212 diras
1201 2174 1237 2212 N
1251 2174 1300 2226 F2
1328 2174 1458 2213 duras
1488 2174 1519 2214 O

283 2261 339 2301 IV
371 2263 499 2311 1,106.
532 2260 671 2300 umbra
700 2235 831 2312 uma}
857 2262 895 2301 U
1063 2259 1259 2299 Umbrane
1281 2250 1365 2313 ><lugi
1394 2261 1428 2300 N

532 2366 550 2381 u
1117 2324 1338 2375 umbraque
1368 2339 1419 2365 ne
1448 2327 1480 2367 O

364 2394 469 2442 424.
500 2391 608 2431 dixit
634 2393 670 2432 U
1063 2389 1168 2429 dixit
1197 2391 1228 2431 O

366 2492 470 2539 6,11.
500 2464 716 2539 referimus
746 2492 781 2530 U
1064 2489 1282 2538 referemus
1312 2491 1343 2529 O
1404 2490 1622 2540 referamus
1650 2491 1686 2529 V

343 2589 471 2637 11,14.
504 2561 658 2638 legatur
686 2588 723 2627 U
1066 2586 1221 2637 Ieyatm·
1251 2589 1282 2627 Ο
