1980 3090
290 362 412 410 Spiret
446 363 570 402 codex
598 364 611 402 l
647 378 735 403 cum
763 364 799 404 U
829 368 868 403 et
896 378 932 414 v,
962 378 1021 413 ea,
1060 378 1160 416 quae
1195 364 1334 417 scripsi
1369 365 1417 403 de
1446 364 1637 403 Urbinate
1672 362 1713 401 in

290 440 380 479 pag.
398 429 461 478 57,
484 429 627 469 cadunt
647 429 765 469 etiam
783 429 824 468 in
839 429 1078 479 Lusaticum,
1100 429 1210 469 cuius
1230 430 1505 470 auctoritatem
1523 431 1712 468 maiorem

289 506 375 532 esse
404 508 520 545 quam
550 495 727 534 codicum
756 495 792 534 U
822 500 861 534 et
888 510 913 533 v
942 495 1123 547 equidem
1151 498 1386 548 negaverim.

868 741 1125 794 Conclusio.

394 863 547 913 Paucis,
578 878 666 903 cum
694 864 745 903 ad
763 864 881 903 finem
902 863 1205 915 pervenerimus,
1237 864 1577 915 comprehendam,
1607 878 1710 916 quae

287 928 335 966 de
355 928 594 980 singulorum
614 929 802 968 librorum
822 928 972 981 origine
992 928 1120 968 docui.
1149 928 1323 968 Primum
1341 928 1429 967 illos
1450 933 1529 967 tres
1551 929 1709 968 codices

287 1007 335 1032 ex
364 994 501 1034 eodem
528 994 648 1044 fonte,
678 994 744 1046 qui
773 993 890 1034 classi
914 994 954 1033 X
982 993 1212 1033 tribuendus
1242 999 1314 1043 est,
1343 994 1522 1045 prodisse
1552 1008 1706 1035 cense0.

287 1058 399 1105 Quod
414 1065 544 1103 autem
563 1059 628 1098 hic
642 1059 724 1098 illic
738 1060 837 1099 Ulv
858 1065 897 1098 et
915 1059 1017 1098 inter
1036 1073 1078 1098 se
1097 1059 1335 1098 dissentiunt
1353 1066 1393 1098 et
1408 1073 1432 1098 a
1445 1060 1707 1111 Neapolitano

285 1126 484 1175 recedunt,
528 1130 568 1164 et
600 1125 748 1164 fontem
783 1130 823 1164 et
856 1139 923 1165 eos
956 1124 1063 1176 ipsos
1099 1130 1363 1164 correctorum
1396 1139 1534 1165 manus
1567 1139 1708 1177 passos

286 1203 372 1228 esse
386 1190 597 1228 verisimile
613 1195 684 1228 est.
714 1189 800 1228 Hoc
817 1190 935 1228 modo
954 1190 1164 1228 nonnullae
1183 1190 1384 1238 lectiones,
1405 1203 1506 1241 quae
1524 1190 1708 1241 propriae

286 1260 377 1293 sunt
406 1255 542 1294 classis
561 1269 599 1305 y,
629 1254 712 1293 sive
739 1254 911 1293 familiae
930 1253 1084 1305 (A)FL
1112 1256 1195 1293 sive
1215 1254 1305 1304 DV,
1325 1254 1366 1292 in
1395 1268 1528 1293 eorum
1556 1259 1708 1293 textum

285 1320 541 1370 irrepserunt;
568 1319 779 1357 nonnullae
808 1332 857 1357 ex
884 1319 991 1357 fonte
1020 1319 1164 1370 aliquo,
1200 1318 1266 1370 qui
1300 1333 1404 1357 nunc
1438 1319 1605 1358 amissus
1634 1324 1707 1367 est,

286 1388 477 1435 sumptae,
518 1383 737 1435 complures
777 1397 802 1422 a
839 1383 1009 1422 librariis
1049 1382 1145 1435 ipsis
1179 1383 1361 1422 inventae
1396 1388 1499 1423 sunt.
1554 1382 1707 1435 Itaque,

286 1463 374 1487 cum
390 1448 618 1498 ,commixti
639 1446 806 1503 cedices'
828 1447 907 1487 sint
934 1452 974 1487 et
992 1448 1199 1487 Lusaticus
1225 1454 1264 1487 et
1283 1448 1499 1487 Vaticanus
1518 1448 1708 1487 Urbinas-

285 1528 372 1566 que,
393 1528 472 1553 non
487 1519 608 1553 testes
624 1513 766 1553 sinceri
782 1515 994 1553 memoriae
1007 1514 1300 1565 Propertianae,
1322 1527 1456 1553 omnes
1472 1513 1706 1553 auctoritate

285 1580 487 1620 inferiores
527 1594 605 1620 non
645 1580 771 1619 solum
810 1579 1085 1632 Neapolitano,
1128 1579 1195 1631 qui
1235 1579 1547 1619 humanistarum
1588 1579 1707 1618 inter·

284 1644 549 1695 polationibus
578 1658 737 1695 prorsus
767 1650 888 1693 caret,
918 1644 988 1683 sed
1017 1644 1137 1683 etiam
1164 1644 1287 1692 libris,
1318 1646 1383 1695 qui
1413 1645 1464 1682 ad
1489 1645 1653 1682 classem
1680 1659 1706 1695 y

284 1709 493 1761 pertinent,
536 1707 697 1762 (A)FL
712 1709 747 1749 D
763 1709 812 1760 V,
854 1709 1021 1762 putandi
1064 1715 1165 1750 sunt.
1236 1709 1372 1761 Neque
1413 1723 1506 1749 vero
1547 1709 1598 1749 ad
1639 1708 1707 1749 illa

285 1775 524 1827 exemplaria
551 1788 623 1813 nos
653 1775 862 1826 confugere
887 1779 1055 1826 oportet,
1086 1789 1186 1824 cum¹
1216 1781 1260 1813 ut
1278 1775 1390 1813 Hosii
1402 1775 1428 1823 ¹)
1457 1774 1586 1813 verbis
1606 1780 1706 1823 utar,

286 1839 406 1889 mihil,
448 1840 553 1890 quod
591 1838 740 1891 proprii
777 1838 894 1890 pretii
934 1839 1126 1889 videatur,
1157 1840 1373 1891 praebeant
1412 1839 1706 1890 singularesque

284 1918 418 1943 eorum
433 1903 621 1943 lectiones
636 1908 704 1943 aut
721 1904 828 1942 leves
843 1903 1082 1943 mutationes
1102 1909 1170 1943 aut
1190 1904 1333 1944 dubiae
1353 1910 1420 1943 aut
1438 1903 1517 1943 iam
1535 1903 1703 1951 aliunde,

283 1968 437 2008 etiamsi
479 1983 557 2008 non
599 1968 675 2008 nisi
718 1982 766 2008 ex
809 1973 1033 2008 correctura
1076 1969 1224 2009 codicis
1268 1970 1329 2008 vel
1375 1968 1541 2008 lectione
1582 1967 1703 2017 varia,

283 2040 399 2073 notae
428 2033 531 2072 sint’.

391 2152 424 2185 1)
448 2152 492 2185 cf.
516 2152 602 2185 edit.
626 2152 733 2193 praef.
759 2161 839 2194 pag.
856 2152 895 2185 X.

834 2391 1148 2410 ——--0⁴0-0———-
