1980 3090
888 244 1132 282 -92-

290 374 396 413 stat?
453 374 681 413 Lachmann
711 374 786 413 hac
815 387 913 413 voce
942 374 1048 425 apud
1076 373 1306 426 Vergilium,
1343 372 1527 413 Ovidium
1554 372 1727 424 reliquos

290 439 396 478 illius
438 439 585 479 saeculi
621 444 759 491 poetas
800 438 906 479 idem
941 439 1157 492 significari
1197 439 1302 491 quod
1336 438 1467 478 verbis
1505 436 1627 487 plane
1659 442 1728 477 aut

288 503 463 554 profecto
500 510 631 557 negat.
697 505 751 544 At
785 510 931 554 tamen,
966 519 1055 545 cum
1085 510 1125 545 et
1158 505 1264 557 apud
1299 518 1366 544 eos
1400 503 1625 556 scriptores,
1660 505 1727 555 qui

291 571 432 609 eodem
459 571 616 610 saeculo
646 575 765 621 atque
794 570 1023 621 Propertius
1052 571 1246 619 vixerunt,
1282 575 1321 608 et
1350 569 1455 621 apud
1487 569 1727 608 recentiores

291 650 429 676 vocem
459 633 641 685 equidem
680 635 847 676 alicuius
881 635 977 676 dicti
1012 636 1269 676 confirmandi
1308 650 1429 675 causa
1468 636 1517 675 de
1546 634 1727 674 omnibus

290 702 471 752 personis
508 706 739 753 usurpatam
775 715 862 740 esse
891 702 1096 741 videamus
1126 723 1175 729 -
1207 702 1255 741 cf.
1286 700 1366 740 Cic.
1397 700 1449 740 ad
1477 700 1557 739 Att.
1591 700 1726 748 1326:

289 765 490 815 Equidem
506 765 692 805 credibile
708 779 789 805 nou
802 768 870 815 est,
887 768 1083 814 quantum
1098 766 1267 806 scribam
1282 764 1346 805 die
1353 778 1369 814 ,·
1385 766 1479 806 Sall.
1490 766 1574 805 Cat.
1588 766 1725 814 52‚16:

292 830 447 869 Vanum
468 830 652 880 equidem
672 830 742 870 hoc
757 830 968 870 eonsilium
989 834 1066 879 est;
1085 833 1194 871 Pers.
1210 838 1283 872 sat.
1299 833 1411 881 5‚45:
1434 829 1528 869 Non
1548 829 1726 879 equidem

290 895 361 935 hoc
381 895 538 935 dubites
558 920 607 924 —
631 897 716 936 sine
745 898 826 936 ulla
855 897 1102 936 dubitatione
1131 897 1318 937 iudicium
1336 896 1450 936 Hosii
1469 896 1725 947 aliorumque,

291 961 358 1013 qui
387 961 496 1001 illam
526 961 567 1000 in
588 967 740 1001 textum
760 967 1005 1014 receperunt,
1032 976 1176 1015 sequor
1195 963 1507 1014 sententiamque
1526 961 1725 1010 Koehleri,

291 1026 357 1079 qui
379 1026 554 1067 Lusatiei
586 1028 799 1067 lectionem
828 1028 1006 1080 proxime
1027 1029 1167 1068 abesse
1187 1043 1211 1068 a
1230 1042 1322 1067 vero
1343 1027 1450 1076 dicit,
1479 1027 1619 1066 falsam
1639 1041 1726 1066 esse

291 1092 487 1132 existimo.

402 1158 511 1205 Quae
532 1172 621 1197 cum
642 1159 698 1198 ita
718 1159 809 1208 sint,
839 1174 888 1198 ne
917 1159 979 1198 his
1000 1160 1158 1210 quidem
1183 1159 1280 1198 locis
1300 1159 1527 1198 Lusaticum
1547 1158 1725 1197 adhiberi

291 1236 390 1274 opus
420 1228 491 1262 est.
536 1223 652 1262 Aliae
681 1223 786 1262 enim
806 1223 1009 1273 lectiones,
1040 1237 1137 1274 quas
1167 1224 1232 1262 ille
1263 1224 1388 1263 codex
1417 1223 1524 1262 solus
1549 1222 1724 1274 praebet,

290 1288 414 1326 multo
449 1287 605 1339 peiores
642 1293 734 1326 sunt
767 1302 887 1339 quam
916 1293 1147 1337 ceterorum,
1189 1288 1302 1337 aliae,
1344 1302 1445 1339 quae
1484 1294 1614 1327 rectae
1643 1287 1682 1326 in
1712 1288 1725 1326 l

290 1352 459 1391 traditae
481 1358 584 1401 sunt,
618 1352 684 1390 vix
703 1353 753 1391 ab
775 1352 807 1391 Ο
827 1352 1025 1399 differunt,
1056 1352 1112 1391 ita
1131 1358 1175 1391 ut
1194 1353 1244 1391 ab
1265 1352 1313 1392 iis
1334 1366 1501 1404 quoque,
1532 1352 1599 1403 qui
1620 1352 1725 1391 illius

289 1416 379 1456 libri
410 1416 558 1456 auxilio
590 1422 737 1467 carent,
774 1417 1005 1457 conieiendo
1035 1417 1201 1457 inveniri
1230 1417 1396 1470 possint.
1453 1418 1593 1470 Itaque
1621 1417 1725 1456 idem

288 1482 490 1532 iudicium,
521 1484 627 1534 quod
648 1483 723 1521 feci
744 1484 792 1521 de
813 1483 1006 1522 Urbinate
1016 1481 1058 1534 ¹),
1079 1483 1185 1522 valet
1204 1483 1244 1522 in
1263 1484 1508 1522 Lusaticum:
1539 1482 1725 1522 Codicem

288 1547 301 1585 l
330 1561 408 1586 non
438 1549 514 1587 nisi
542 1548 591 1587 iis
619 1548 732 1596 locis,
761 1548 828 1587 ubi
853 1548 1140 1600 Neapolitanus
1168 1548 1313 1599 deficit,
1343 1548 1610 1588 adhibendum
1638 1562 1725 1588 esse

289 1612 486 1653 existimo.
525 1614 564 1654 Is
594 1620 738 1664 autem,
769 1616 836 1665 qui
856 1614 1062 1654 Urbinatis
1091 1614 1281 1653 lectiones
1309 1614 1536 1665 inspexerit,
1566 1628 1616 1652 ne
1644 1614 1725 1653 illic

289 1677 448 1728 quidem
477 1678 529 1717 ad
558 1678 784 1717 Lusaticum
818 1678 1029 1731 confugiet.
1074 1678 1175 1717 Nam
1203 1678 1383 1730 plurima,
1414 1691 1514 1730 quae
1542 1678 1727 1730 leguntur

288 1742 328 1781 in
369 1743 394 1793 l,
438 1743 559 1783 etiam
599 1743 638 1782 in
679 1744 715 1783 U
760 1744 1023 1784 inveniuntur.
1082 1744 1202 1784 Velut
1242 1744 1283 1783 in
1322 1743 1413 1783 libri
1442 1744 1498 1783 IV
1541 1744 1724 1783 carminis

288 1808 487 1847 undecimi
517 1808 698 1848 versibus
733 1809 902 1860 septimo
931 1808 1085 1848 decimo
1116 1808 1383 1860 sequentibus,
1419 1808 1486 1860 qui
1515 1809 1657 1847 desunt
1685 1808 1739 1855 in>

288 1872 563 1923 Neapolitano,
595 1887 751 1925 semper
768 1874 850 1912 fere
870 1873 927 1912 illi
948 1873 1106 1913 codices
1137 1873 1240 1912 inter
1265 1887 1307 1912 se
1327 1873 1589 1920 consentiunt,
1619 1873 1725 1925 quod

288 1942 455 1988 apparet
483 1951 532 1976 ex
562 1938 708 1977 tabulis
736 1938 776 1977 in
806 1952 895 1991 pag.
924 1939 974 1977 55
1005 1952 1089 1990 sqq.
1120 1938 1345 1990 propositis.
1404 1938 1597 1978 Dissentit
1625 1939 1725 1978 alter
1796 1978 1799 1980 .

288 2002 339 2041 ab
360 2003 497 2052 altero,
528 2003 562 2042 si
582 2003 839 2056 neglegimus,
862 2018 962 2055 quae
983 2004 1034 2043 ad
1055 2018 1137 2043 rem
1154 2004 1499 2056 orthographicam
1514 2004 1723 2055 pertinent,

287 2066 350 2105 his
380 2067 517 2119 paucis
549 2067 647 2107 locis

287 2144 345 2182 IV
379 2144 509 2193 11,17.
540 2143 711 2183 innox-ia
740 2146 753 2183 l
782 2143 948 2196 (recteP)
1141 2157 1222 2183 nou
1250 2143 1373 2183 noxia
1403 2145 1488 2184 OU
1516 2160 1540 2183 v

440 2210 503 2250 29.
532 2220 606 2257 per
626 2208 717 2247 avia
744 2210 756 2248 l
785 2208 920 2260 (lectio
950 2224 1081 2250 errore
1132 2222 1210 2259 per
1240 2209 1348 2249 avita
1377 2210 1458 2250 OU
1478 2225 1502 2249 v
1531 2209 1692 2261 (recte!)

534 2274 686 2314 librarii
716 2280 803 2314 orta
832 2277 907 2324 est)

438 2341 501 2378 34.
532 2338 630 2377 vitta
659 2341 671 2378 l
701 2340 785 2378 LD
815 2354 838 2378 v
867 2338 1027 2391 (rectel)
1137 2340 1240 2379 victa
1268 2341 1363 2380 FU.

399 2416 458 2455 De
488 2416 630 2456 ceteris
659 2417 851 2465 versibus,
883 2417 949 2468 qui
986 2417 1120 2456 omissi
1155 2424 1223 2456 aut
1255 2418 1425 2457 mutilati
1459 2423 1550 2457 sunt
1577 2419 1616 2456 in
1646 2417 1723 2456 Ne-

287 2481 500 2531 apolitano,
535 2482 634 2519 nihil
667 2482 732 2520 hic
762 2482 840 2519 dici
871 2495 969 2532 opus
1000 2487 1077 2528 est;
1114 2495 1204 2520 nam
1234 2495 1322 2521 cum
1351 2482 1391 2520 in
1421 2482 1600 2521 omnibus
1631 2495 1723 2521 con-

396 2601 428 2640 1)
454 2600 498 2633 cf.
523 2609 602 2642 pag.
627 2600 738 2639 5758.
