1980 3090
392 364 730 403 Verisimillimum
767 364 889 416 igitur
924 365 1019 404 mihi
1055 379 1141 404 esse
1179 364 1336 403 videtur
1369 365 1602 404 Urbinatem
1642 379 1719 404 non

286 444 332 468 ex
365 429 501 469 codiee
532 430 676 481 aliquo,
708 429 774 481 qui
803 429 888 482 ipse
919 430 1119 470 derivatus
1140 434 1224 470 erat
1243 443 1291 469 ex
1311 430 1358 479 N,
1384 434 1525 482 postea
1544 434 1719 470 correcto

287 497 522 547 dependere,
567 496 637 535 sed
679 495 801 535 fuisse
836 496 1050 548 aliquando
1087 496 1262 536 codicem
1302 496 1497 548 quendam
1540 495 1720 544 arbitror,

284 561 364 612 qui,
395 566 604 612 postquam
633 560 721 600 fons
757 560 830 600 fuit
859 561 1124 613 Neapolitani,
1156 565 1366 610 correctus,
1396 564 1480 600 tum
1508 575 1532 600 a
1560 560 1720 600 librario

285 625 489 665 Urbinatis
526 626 746 677 descriptus
786 631 857 664 est.
918 626 1046 665 Certis
1076 632 1208 666 autem
1237 627 1477 678 argumentis
1506 626 1605 665 haec
1634 640 1721 664 sen·
1749 659 1751 661 .

285 691 411 730 tentia
448 690 669 730 confirmari
708 690 857 743 nequit,
902 694 1135 743 praesertim
1179 706 1266 732 cum
1307 705 1386 731 non
1428 704 1583 743 semper
1624 690 1720 730 satis

285 756 456 795 dilucide
494 769 732 808 cognoscere
770 758 980 807 possimus,
1016 771 1117 809 quae
1155 757 1309 796 litterae
1338 755 1629 809 suprascriptae
1658 756 1722 795 vel

286 827 531 873 suppunctae
568 823 648 861 sint
682 836 705 860 a
738 836 857 861 manu
893 822 1036 873 priore,
1082 837 1183 875 quae
1226 837 1249 862 a
1291 821 1521 863 recentiore.
1594 821 1721 868 Quare

286 886 365 925 iam
396 900 454 935 ea,
486 900 586 938 quae
616 901 692 925 non
724 888 780 926 ita
808 887 940 939 magni
969 888 1158 927 momenti
1179 892 1281 936 sunt,
1306 889 1506 926 mittamus
1526 886 1722 938 aliamque

287 952 338 991 ad
368 966 449 990 rem
479 952 732 992 accedamus!
765 952 1040 1000 Quaerendum
1070 953 1175 993 enim
1202 952 1317 993 nobis
1338 957 1409 1003 est,
1436 952 1470 992 si
1489 951 1722 992 Urbinatem

287 1031 333 1055 ex
371 1017 507 1055 codice
543 1031 633 1067 quo,
679 1017 746 1067 qui
781 1017 865 1068 ipse
901 1018 1134 1057 correctoris
1169 1032 1328 1056 manum
1361 1018 1422 1055 vel
1459 1021 1722 1055 correctorum

287 1095 425 1120 manus
468 1095 606 1133 passus
647 1086 743 1131 erat,
788 1081 1007 1122 derivatum
1044 1096 1130 1122 esse
1167 1082 1451 1132 contendimus,
1496 1081 1599 1121 unde
1638 1095 1720 1131 eae,

288 1161 389 1197 quae
419 1147 658 1186 dissentiunt
688 1162 710 1186 a
730 1148 777 1196 N,
807 1148 997 1187 lectiones
1019 1153 1198 1199 sumptae
1229 1148 1318 1187 sint.
1363 1147 1621 1199 Inspiciamus
1650 1147 1721 1185 has

289 1212 445 1251 tabulas
475 1211 577 1259 (IV).

667 1333 699 1371 Ι,
908 1301 1050 1339 Liber
1080 1302 1108 1339 Ι.
1382 1333 1417 1372 N

290 1397 387 1436 XIII
422 1399 482 1436 13.
515 1410 671 1446 accyvztre
699 1400 732 1437 A
750 1399 784 1436 D
801 1399 836 1437 V
1076 1411 1223 1447 auqere
1250 1400 1280 1438 F
1297 1400 1347 1451 Nl

289 1462 365 1501 XV
398 1465 432 1501 7.
466 1461 543 1501 eois
573 1461 607 1501 D
627 1463 659 1501 V
1074 1465 1111 1501 et
1124 1462 1281 1503 choisN
1311 1453 1336 1501 Ϊι
1356 1462 1554 1513 (ziam)
1568 1461 1723 1502 choisA

1128 1528 1197 1577 hec
1227 1527 1343 1578 choy-s·
1371 1529 1401 1567 F

903 1645 1044 1685 Liber
1072 1646 1122 1684 ΙΙ.

291 1732 309 1769 Ι
340 1733 403 1769 31.
435 1733 589 1768 tractus
618 1731 704 1769 DV
1074 1733 1268 1770 attracti&
1292 1733 1327 1770 A
1344 1732 1379 1770 N
1423 1733 1665 1769 atractactus
1693 1731 1724 1770 F

291 1797 361 1835 VIl
398 1799 433 1835 9.
466 1794 622 1834 lumina
650 1797 681 1835 F
1077 1795 1218 1834 limina
1247 1797 1333 1835 DV

350 1863 412 1900 12.
443 1860 510 1898 Ad
540 1858 753 1910 Cynthiam
783 1862 868 1900 DV
1077 1876 1152 1900 om.
1182 1862 1213 1901 F

294 1926 389 1964 XIV
409 1928 469 1964 16.
501 1924 672 1963 conditio
687 1926 723 1965 U
753 1925 929 1965 condicio
945 1927 1018 1965 DV
1076 1926 1232 1965 condito
1262 1928 1292 1966 F

293 1990 369 2029 XV
403 1992 464 2029 14.
496 1989 692 2028 menelaeo
720 1990 754 2029 D
771 1991 807 2030 V
1076 1990 1252 2030 menelao
1279 1992 1310 2031 F

293 2057 388 2095 XVI
423 2058 484 2096 12.
515 2055 589 2093 illa
617 2056 702 2094 DV
1078 2069 1161 2095 una
1188 2058 1219 2096 F

349 2123 413 2160 39.
443 2133 552 2159 mmo
581 2121 628 2173 U1
652 2122 685 2159 V
1078 2120 1183 2160 hunc
1211 2122 1292 2161 FD

292 2187 413 2225 XXII
443 2188 507 2225 44.
539 2186 644 2234 quod
672 2187 702 2225 F
1076 2186 1175 2234 quid
1203 2188 1289 2226 DV

350 2254 411 2290 50.
443 2263 560 2299 quem
588 2252 724 2300 quave
748 2252 778 2290 F
795 2252 825 2289 L
842 2252 891 2302 V2
1078 2264 1179 2299 quae
1208 2263 1360 2301 quoque
1378 2254 1413 2292 D
1429 2254 1476 2307 V¹
1512 2242 1526 2303 l
1578 2287 1592 2304 Υ

439 2316 566 2365 plura
596 2318 644 2369 F2
661 2317 696 2355 D
713 2317 748 2355 V
1130 2316 1218 2365 fata
1246 2319 1290 2371 F¹
1312 2319 1343 2357 L
1510 2304 1530 2369 Ι
1558 2287 1670 2325 hom‘

294 2383 431 2422 XXIII
466 2385 499 2422 1.
529 2381 596 2421 cui
620 2382 695 2422 FL
724 2380 835 2434 (quoi
856 2383 909 2435 V2
939 2381 1021 2434 mg)
1078 2381 1147 2430 qui
1175 2383 1261 2422 DV

294 2449 431 2487 XXIV
462 2451 525 2488 ⁴25.
552 2451 713 2498 puynat
742 2449 821 2487 FL
1074 2451 1229 2496 puynet
1256 2450 1290 2488 D
1311 2450 1341 2487 V

347 2516 411 2553 41.
437 2513 608 2562 periisse
639 2515 672 2553 D
690 2515 726 2552 V
1068 2514 1273 2562 peperi-ese
1298 2516 1432 2568 N,FL
1461 2514 1628 2566 (perisse
1654 2515 1724 2570 N2)

296 2578 431 2617 XXVI
462 2581 524 2620 21.
557 2578 637 2616 orele
667 2579 747 2618 LI)
765 2579 801 2617 V
1079 2577 1184 2616 hori-⁵⁸
1215 2580 1242 2620 F
