1980 3090
275 380 426 415 parcas
461 376 606 406 veut-are
638 367 876 417 Lycinnam.
925 368 1056 406 Etiam
1084 367 1125 405 in
1160 381 1276 406 versu
1305 366 1364 405 ΙΙΙ
1395 368 1526 414 22,37,
1562 365 1629 416 qui
1657 370 1728 404 est.

281 426 555 483 Arboreasque
583 434 719 472 eruce's
748 431 859 472 Sinis
888 434 924 471 e't
955 444 1033 471 non
1062 431 1220 482 hospita
1247 429 1369 471 Grais
1398 431 1522 471 solam
1552 430 1602 470 ob
1632 443 1719 470 eam

281 513 441 538 causam
470 501 595 538 rarior
623 500 749 538 forma
777 513 802 538 a
829 499 1036 550 Propertio
1065 498 1197 550 posita
1231 503 1304 547 est,
1334 498 1452 548 quod,
1491 496 1525 535 si
1554 496 1717 535 verbum

279 562 482 613 inhospita
502 564 628 604 textui
653 564 897 615 inseruisset,
929 569 1066 605 contra
1094 564 1203 617 leges
1231 562 1415 604 metricas
1443 561 1714 604 commisisset.

281 630 431 668 Ceteris
461 635 594 669 autem
624 632 805 669 omnibus
849 630 959 679 locis,
1004 630 1147 681 quibus
1182 641 1262 668 non
1297 642 1452 680 quoque
1486 629 1716 669 hexametro

282 694 430 734 includi
450 695 591 747 potuit,
614 710 689 735 vox
710 695 907 747 privativa
927 693 970 733 in
990 695 1104 734 nobis
1126 694 1308 744 occurrit,
1334 694 1442 733 velut
1461 693 1501 733 in
1520 692 1558 732 ΙΙ
1581 694 1716 741 16,39;

279 758 405 796 Hunc
436 762 655 799 insanus
684 772 794 798 amor
823 759 947 797 versis
976 759 1073 797 dare
1104 761 1216 808 terqa
1245 757 1409 806 carinis,
1439 758 1478 796 II
1508 759 1617 807 27‚1:
1661 755 1719 794 Et

282 836 345 863 cos
379 827 645 873 incertam,
676 824 873 873 mortales,
908 824 1067 873 funeris
1101 823 1251 872 horam,
1294 824 1334 863 in
1368 838 1483 862 versu
1517 823 1714 871 IV·3‚69:

279 891 597 938 [nem-rupta
626 889 704 927 mei
732 902 919 928 conserva
946 889 1107 939 foedera
1138 888 1237 927 lecti.
1285 889 1393 936 Quae
1423 902 1517 928 cum¹
1540 887 1596 927 ita
1624 887 1716 937 sint,

278 954 374 994 mihi
418 954 576 1008 quidem
619 970 851 1009 persuasum
896 962 955 996 est
989 962 1139 996 rectam
1174 970 1260 996 esse
1297 955 1531 995 sententiam
1567 968 1715 1003 eorum,

279 1020 345 1072 qui
376 1021 551 1061 Lusatici
581 1022 791 1061 lectionem
822 1021 993 1061 innoxia
1022 1022 1224 1061 meliorem
1254 1035 1341 1061 esse
1370 1032 1501 1073 quam,
1545 1033 1646 1072 quae
1674 1021 1714 1058 in

278 1087 420 1126 ceteris
457 1087 660 1127 codicibus
704 1088 898 1140 legantur,
944 1088 1098 1127 docent.
1161 1088 1299 1139 Neque
1341 1086 1445 1126 enim
1479 1085 1565 1134 fuit,
1610 1085 1716 1137 quod

278 1158 396 1203 poeta
452 1152 691 1192 adiectivum
749 1155 862 1205 quasi
925 1153 1167 1204 cotidianum
1228 1152 1382 1205 fugeret
1438 1150 1715 1202 insolitamque

278 1217 492 1257 dictionem
522 1219 740 1258 adhiberet.

387 1283 592 1324 Postremo
622 1284 877 1337 inspiciamus
908 1298 975 1324 eos
998 1297 1147 1334 versus,
1178 1283 1217 1323 in
1239 1283 1381 1336 quibus
1411 1288 1451 1323 et
1470 1285 1510 1322 in
1531 1281 1563 1323 O
1584 1287 1623 1322 et
1642 1281 1681 1321 in
1702 1282 1716 1321 l

278 1350 394 1399 plane
424 1355 571 1388 rectam
601 1350 811 1389 lectionem
842 1355 998 1388 exstare
1019 1350 1191 1388 Koehler
1220 1349 1355 1401 negat!
1389 1349 1517 1397 Certo,
1549 1348 1654 1399 quod
1673 1347 1714 1387 in

277 1427 333 1452 vs.
365 1413 421 1452 IV
453 1414 571 1464 11,30
600 1414 808 1454 Lusaticus
845 1415 1020 1466 praebet,
1062 1414 1224 1466 propius
1253 1414 1368 1453 abest
1396 1428 1420 1453 a
1448 1427 1554 1462 vero,
1598 1426 1716 1464 quam

277 1492 377 1530 quae
414 1479 451 1517 in
483 1479 624 1518 ceteris
660 1479 771 1519 libris
807 1480 883 1519 hoc
912 1480 1000 1519 loco
1029 1479 1293 1519 inveniuntur.
1352 1479 1453 1518 Nam
1481 1478 1579 1518 illud
1607 1475 1715 1527 Afra

275 1542 550 1583 Numantinos
580 1560 603 1584 a
633 1545 834 1597 Scaligero
872 1545 1106 1594 coniectum,
1148 1545 1254 1596 quod
1289 1546 1436 1596 optime
1471 1544 1523 1583 ad
1557 1557 1715 1583 sensum

276 1610 456 1660 quadrat,
486 1610 601 1649 facile
622 1624 670 1649 ex
690 1610 834 1659 (A)era
856 1622 892 1649 n.
915 1610 1071 1649 restitui
1091 1609 1272 1662 potuit1).
1310 1609 1424 1657 Quod
1443 1614 1575 1650 autem
1596 1608 1715 1648 etiam

275 1675 314 1713 in
350 1675 543 1714 Urbinat'e
578 1681 618 1714 et
647 1675 841 1715 Vaticano
878 1675 1053 1715 Lusatici
1089 1675 1206 1715 lectio
1242 1674 1331 1735 Era
1359 1673 1621 1713 numantinos
1657 1674 1714 1713 in-

275 1740 442 1790 venitur,
474 1740 553 1780 iam
582 1741 622 1779 in
654 1741 790 1781 codice
811 1741 849 1780 X
879 1741 988 1779 Aera
1010 1742 1071 1780 vel
1100 1742 1179 1781 tale
1209 1741 1360 1793 aliquid
1387 1741 1510 1780 fuisse
1529 1745 1712 1792 apparet;

275 1806 345 1844 sed
365 1820 414 1844 ne
434 1807 511 1846 hoc
531 1806 688 1858 quidem
718 1807 805 1846 loco
826 1807 876 1846 ad
898 1807 1055 1846 codices
1076 1806 1293 1847 deteriores
1314 1807 1525 1859 confugere
1546 1810 1713 1857 oportet,

276 1886 362 1910 cum
395 1877 434 1910 et
463 1871 503 1910 in
532 1872 562 1910 F
594 1878 632 1911 et
661 1872 701 1911 in
721 1873 757 1912 V
778 1886 802 1911 a
830 1887 949 1911 manu
978 1873 1105 1912 altera
1132 1873 1335 1912 meliorem
1365 1872 1599 1924 scripturam
1627 1870 1714 1909 Era

274 1951 345 1987 pro
374 1936 430 1974 Et
458 1937 499 1975 in
528 1952 605 1989 mg.
636 1943 867 1977 annotatam
898 1938 1112 1977 videamus.
1749 1971 1752 1973 -

389 2001 502 2048 Quod
543 2007 674 2041 autem
709 2003 883 2042 Koehler
924 2017 982 2053 ea,
1024 2017 1125 2055 quae
1159 2005 1199 2042 in
1237 2003 1274 2042 II
1308 2004 1423 2053 13,47
1469 2007 1508 2041 et
1549 2002 1586 2041 II
1622 2003 1713 2052 31,5

275 2067 485 2106 Lusaticus
520 2068 722 2118 praebeat,
765 2068 927 2120 propius
963 2083 987 2108 a
1021 2083 1115 2108 vero
1155 2069 1295 2108 abesse
1337 2082 1456 2121 quam
1496 2073 1715 2107 ceterorum

275 2131 456 2171 codicum
486 2132 676 2172 lectiones
706 2133 833 2183 docet,
873 2135 1015 2174 falsam
1044 2134 1128 2174 eius
1164 2133 1401 2174 sententiam
1436 2147 1522 2173 esse
1558 2139 1713 2173 censeo.

272 2199 447 2238 Primum
476 2198 516 2237 in
547 2199 585 2237 II
619 2200 732 2248 13‚47
766 2200 974 2239 Rothstein
986 2199 1031 2252 2),
1068 2214 1157 2240 cum
1187 2201 1515 2240 exclamationem
1544 2214 1568 2239 a
1596 2204 1714 2251 poeta

274 2264 443 2315 positam
484 2278 572 2303 esse
613 2265 915 2314 demonstraret,
958 2266 1057 2305 illud
1097 2263 1188 2314 quis
1228 2263 1444 2317 minuisset
1482 2264 1584 2304 idem
1627 2278 1713 2304 esse

273 2335 391 2380 atque
422 2327 579 2367 utinam
614 2328 764 2377 aliquis
799 2328 1009 2368 minuisset
1044 2330 1258 2369 contendit.
1318 2329 1426 2376 Quae
1456 2329 1651 2369 sententia
1680 2331 1714 2369 si

274 2396 311 2432 in
342 2394 418 2433 isto
449 2408 565 2434 versu
594 2395 705 2443 latet,
736 2395 915 2434 Lusatici
946 2409 1101 2446 quoque
1131 2396 1250 2434 lectio
1279 2393 1350 2443 qui
1384 2394 1541 2434 defendi
1569 2400 1712 2446 potest,

271 2472 349 2509 quo
384 2459 574 2498 adverbio
614 2460 720 2498 idem
760 2460 825 2499 hic
866 2460 947 2498 illic
988 2459 1202 2511 significari
1237 2473 1284 2499 ac
1319 2473 1416 2499 voce
1446 2459 1597 2499 Graeca
1631 2465 1713 2506 πῶς

381 2545 414 2584 1)
439 2544 483 2579 ef.
509 2544 673 2587 Koehler,
698 2545 785 2579 diss.
810 2555 889 2589 pag.
914 2547 966 2580 72.

381 2600 416 2639 2)
441 2599 508 2633 Die
534 2600 679 2641 Elegien
706 2600 769 2633 des
794 2599 825 2634 S.
850 2600 1068 2643 Propertius;
1094 2603 1178 2634 tom.
1197 2600 1221 2634 1.
1247 2600 1403 2649 Berolini
1427 2601 1522 2642 1898,
1545 2610 1579 2643 p.
1595 2600 1670 2634 228.
