1980 3090
842 226 1076 263 -61-

239 356 395 394 -fontem
413 354 549 393 referri
577 367 694 405 posse
721 367 800 393 non
829 359 958 406 negat.
994 354 1039 393 In
1068 353 1355 394 dissertationis
1377 353 1482 391 enim
1509 364 1601 403 pag.
1624 351 1675 389 38

248 419 451 459 contendit
477 419 679 458 librarium
709 419 856 458 codicis
876 419 908 457 L
937 421 1111 458 carmina
1138 418 1333 470 Propertii
1362 416 1597 469 repetivisse
1626 428 1675 454 ex

248 485 462 536 exemplari
481 483 613 535 aliquo
632 497 669 535 γ,
690 484 807 535 quod,
828 497 906 523 non
925 489 1063 534 totum,
1084 485 1155 523 sed
1174 498 1222 523 ex
1248 489 1360 536 parte
1376 482 1416 521 Φ
1431 480 1673 521 simillimum

246 550 375 600 fuerit,
417 549 632 601 eodemque
671 549 771 589 libro
800 549 976 590 Lusatici
1010 555 1210 590 auctorem
1245 564 1358 589 usum
1401 562 1500 588 esse.
1560 546 1676 594 Quod

248 624 378 655 autem
403 615 444 653 in
472 616 485 654 l
514 615 730 667 p'ermlflt'ae
758 615 946 655 lectiones
976 616 1223 655 inveniantur
1251 616 1412 655 eaedem
1441 614 1505 653 vel
1524 613 1675 653 similes

246 686 364 733 atque
399 694 497 733 quas
531 681 719 732 praebeat
750 681 1044 734 Neapolitanus,
1079 695 1157 721 non
1184 682 1229 731 L,
1264 679 1467 719 librarium
1496 677 1675 718 Lusatici

246 751 402 798 praeter
434 760 459 797 γ
501 746 667 784 alterum
702 746 911 797 exemplar⁷
955 747 1060 798 quod
1093 746 1342 785 inserendum
1380 747 1432 783 sit
1460 736 1584 783 'classi
1617 743 1672 792 X,

247 811 474 851 adhibuisse
504 817 543 851 et
571 825 619 850 ex
648 811 710 856 his
738 811 890 851 duobus
918 811 1091 852 fontibus
1120 816 1270 851 textum
1301 810 1461 863 ⁴optimo
1492 808 1670 850 consilio’

248 879 514 929 composuisse
542 877 746 922 Heukrath
774 877 900 916 docet.
957 877 1067 927 Tum,
1102 877 1207 927 quod
1235 877 1249 916 l
1277 876 1484 915 nonnullas
1514 888 1672 927 quoque

247 943 427 983 codicum
455 943 490 982 D
506 943 540 981 V
575 942 764 982 lectiones
791 943 948 992 habeat,
982 943 1148 995 primum
1176 942 1378 982 librarium
1408 940 1556 981 codicis
1585 941 1617 979 L
1645 955 1671 991 γ

247 1008 515 1059 descripsisse,
531 1013 670 1059 postea
688 1012 819 1048 autem
834 1021 882 1046 ex
899 1007 1032 1046 codice
1047 1008 1178 1059 aliquo
1193 1006 1364 1046 familiae
1380 1007 1410 1045 Δ
1425 1010 1670 1045 correcturas

246 1072 286 1111 in
305 1087 330 1124 γ
358 1078 537 1125 receptas
567 1086 666 1123 esse,
696 1086 797 1124 quae
825 1072 917 1111 inde
945 1072 984 1111 in
1012 1078 1161 1111 textum
1181 1073 1355 1111 Lusatici
1384 1075 1515 1110 aetate
1540 1077 1671 1122 poste—

247 1137 359 1177 rioris
389 1138 586 1177 venerint:

328 1240 893 1551 s&

311 1553 409 1913 X
618 1554 1447 1913 st«

354 1995 480 2034 Valde
509 1997 628 2047 igitur
647 1995 803 2035 diversa
823 2001 914 2035 sunt
933 1996 1034 2035 inter
1052 2010 1094 2035 se
1114 1996 1268 2045 iudicia,
1290 2010 1391 2048 quae
1422 1996 1471 2035 de
1490 1996 1670 2039 Lusatici

245 2060 393 2100 codicis
414 2060 565 2113 origine
593 2061 699 2100 facta
718 2066 819 2100 sunt.
857 2061 980 2114 Peper
1009 2061 1123 2101 classi
1151 2076 1176 2100 x
1194 2061 1304 2100 illum
1323 2061 1473 2111 tribuit,
1493 2062 1668 2101 Koehler

245 2139 293 2164 ex
308 2125 512 2177 utriusque
527 2126 665 2165 classis
685 2131 725 2165 et
739 2141 764 2165 x
781 2132 820 2165 et
833 2141 859 2178 y
875 2127 1159 2179 exemplaribus
1179 2131 1329 2165 textum
1349 2127 1434 2166 eius
1455 2127 1665 2166 conflatum

245 2204 331 2230 esse
360 2196 505 2241 censet,
539 2191 722 2244 Postgate
751 2205 839 2231 eum
864 2192 1035 2232 familiae
1063 2192 1101 2231 Φ
1129 2191 1277 2241 inserit,
1298 2191 1504 2232 Heukrath
1523 2206 1668 2245 genere

244 2256 465 2308 propiorem
501 2271 590 2295 eum
624 2271 711 2296 esse
746 2257 862 2297 classi
890 2273 916 2310 y
945 2272 1061 2310 quam
1090 2272 1115 2296 x
1144 2259 1354 2297 existimat.
1411 2258 1499 2297 Hoc
1533 2273 1668 2308 unum,

244 2322 349 2373 quod
382 2321 461 2360 iam
493 2322 679 2370 Hosius¹)
713 2323 824 2373 vidit,
868 2337 1002 2362 omnes
1044 2323 1131 2362 illos
1167 2323 1270 2362 viros
1304 2323 1406 2375 fugit
1439 2324 1668 2363 Lusaticum

243 2389 423 2439 proxima
442 2390 675 2441 cognatione
695 2388 946 2429 coniunctum
966 2402 1051 2429 esse
1071 2402 1157 2428 cum
1178 2389 1370 2429 Urbinate
1391 2391 1483 2440 641,
1514 2390 1563 2430 de
1591 2403 1670 2442 quo

243 2467 362 2505 supra
401 2454 697 2505 disputavimus.
756 2454 954 2495 Sescentis
997 2457 1097 2494 enim
1140 2455 1236 2494 locis
1277 2456 1435 2495 easdem
1478 2455 1671 2496 lectiones

354 2585 388 2622 1)
412 2584 455 2617 cf.
480 2584 564 2617 edit.
588 2585 696 2626 praef,
720 2595 801 2628 pag.
816 2585 857 2619 X.
