1980 3090
831 303 880 308 -.
924 283 974 321 47
1020 304 1090 313 --.

348 414 458 453 Inter
485 414 558 451 hos
586 414 707 464 igitur
736 416 892 451 centum
926 412 1006 450 fere
1043 412 1304 464 quadraginta
1336 413 1444 452 locos
1480 412 1606 451 codex
1635 411 1665 450 F

241 481 477 532 septuagies,
507 478 543 517 N
563 477 751 530 octogieS‚
780 477 856 517 DV
875 477 1055 530 sexagies
1079 479 1160 517 fere
1189 478 1334 530 septies
1363 493 1387 517 a
1414 478 1663 527 lectionibus,

241 559 338 597 quas
366 545 530 596 praebet
549 544 616 596 U2,
648 543 896 582 dissentiunt.
946 543 1073 590 Quare
1100 544 1300 593 lectiones,
1331 558 1431 596 quae
1461 544 1510 583 ab
1539 544 1661 583 altera

239 625 358 651 manu
376 610 417 649 in
438 609 474 649 U
493 608 664 661 scriptae
693 613 795 658 sunt,
826 623 951 661 neque
981 624 1028 648 ex
1048 609 1127 648 DV
1146 624 1272 661 neque
1302 624 1349 649 ex
1378 610 1414 649 N
1425 610 1456 648 F
1487 616 1664 661 sumptas

240 689 326 716 esse
346 679 521 727 apparet.
565 673 732 713 Accedit
750 674 838 724 huc,
866 675 970 726 quod
995 676 1202 715 nonnullae
1231 690 1387 729 manus2
1417 681 1664 715 correcturae

239 742 279 781 iu
309 742 345 781 U
373 742 635 790 inveniuntur,
669 754 769 792 quae
798 740 836 779 in
867 741 1019 791 ceteris„
1049 742 1096 780 de
1123 742 1264 793 quibus
1290 741 1430 793 agitur,
1462 741 1664 780 codicibus

238 821 317 846 non
346 807 541 859 leguntur,
570 806 679 845 velut

258 873 275 911 Ι
325 874 360 923 5,
391 873 428 911 8.
459 869 558 909 mihi
584 872 640 926 U²
668 886 735 925 mg
1017 871 1087 911 tibi
1116 873 1147 913 O

267 935 434 977 ibd.15.'
458 936 599 976 humor
627 939 681 991 U2
710 953 776 989 mg
1017 938 1154 977 horror
1183 940 1214 978 Ο

242 1004 276 1042 ΙΙ
321 1004 425 1053 8,16.
456 999 515 1041 ire
543 1004 596 1056 U2
1014 1017 1064 1042 ue
1093 1006 1153 1043 vel
1182 1017 1233 1042 ne
1261 1005 1292 1044 Ο

294 1071 357 1119 27,
388 1070 424 1109 2.
456 1069 643 1107 adeunda
676 1070 726 1122 U2
756 1084 821 1120 mg
1017 1068 1180 1108 aditura
1211 1070 1241 1109 Ο

295 1136 425 1184 2931.
456 1133 599 1172 iniecto
632 1135 681 1187 U2
1017 1133 1062 1172 in
1092 1134 1187 1172 lecto
1215 1135 1247 1174 O

294 1201 357 1250 32,
388 1201 424 1239 4ὁ
456 1198 627 1249 telayoni
656 1201 709 1253 U2
1017 1199 1211 1250 lethoqom’
1240 1201 1272 1240 Ο
1301 1199 1512 1252 (theleyoni
1541 1201 1611 1253 V.)

362 1267 425 1305 26.
455 1264 597 1303 rabula
626 1266 680 1320 U2
709 1280 774 1319 mg
1014 1265 1155 1316 fabula
1186 1266 1235 1315 03
1267 1271 1305 1306 et
1326 1280 1362 1319 q.
1384 1280 1414 1306 s.

348 1343 455 1390 Quae
485 1345 651 1383 fortasse
680 1346 757 1383 iam
787 1344 827 1383 in
855 1345 986 1395 aliquo
1017 1344 1164 1393 codice,
1201 1358 1248 1382 ex
1284 1358 1361 1395 quo
1391 1345 1446 1396 U2
1476 1347 1587 1395 quasi
1617 1359 1664 1382 ex

239 1409 346 1447 fonte
366 1408 510 1458 hausit,
537 1409 756 1458 exstabant,
786 1410 951 1448 fortasse
976 1409 1239 1448 correctiones
1259 1409 1321 1448 vel
1341 1408 1666 1461 interpolationes

239 1474 364 1526 ipsius
394 1479 484 1514 sunt
513 1474 595 1513 eius
630 1474 715 1523 viri,
740 1474 827 1525 -qui
864 1474 1039 1513 codicem
1074 1477 1254 1513 correxit.
1313 1474 1411 1513 Mihi
1446 1480 1589 1523 autem,
1633 1475 1664 1512 si

239 1538 359 1578 alium
387 1539 582 1590 quendam
611 1539 786 1578 codicem
815 1540 864 1578 ab
893 1539 960 1578 illo
981 1539 1200 1578 adhibitum
1230 1553 1316 1578 esse
1345 1539 1562 1590 putandum
1592 1546 1664 1588 est,

238 1603 488 1643 verisimilius
525 1604 680 1643 videtur
722 1618 809 1643 eum
844 1605 1056 1656 exemplari
1090 1604 1221 1656 aliquo
1258 1618 1372 1643 usum
1416 1618 1515 1654 esse,
1560 1605 1665 1655 quod

240 1669 477 1708 cohaerebat
505 1682 593 1708 cum
613 1669 703 1718 DV,
735 1683 850 1721 quam
878 1669 978 1708 libro
1008 1670 1188 1721 quodam⁷
1220 1671 1284 1721 qui
1317 1671 1550 1721 cognatione
1580 1674 1665 1707 erat

240 1748 412 1773 conexus
442 1748 531 1774 cum
559 1734 594 1773 N
623 1735 686 1773 vel
714 1735 755 1774 F.
815 1734 871 1774 Cf.
901 1735 1002 1773 hanc
1032 1735 1223 1774 tabulam:

856 1831 950 1875 Tab.
980 1831 1043 1875 vl.

258 1921 275 1959 I
324 1922 427 1972 432.
448 1919 606 1971 deferet
635 1921 689 1975 U2
718 1920 797 1960 DV
1017 1917 1177 1970 differet
1204 1919 1285 1959 NF

320 1989 424 2035 9,11.
455 1986 658 2025 numerini
685 1988 740 2039 U2
768 1987 847 2025 DV
1016 1984 1230 2023 minu-armi
1258 1986 1292 2023 N

1014 2048 1236 2088 minerinus
1265 2051 1295 2089 F
1324 2049 1543 2102 (nmnermi
1572 2052 1624 2100 A)

363 2119 423 2156 15.
455 2119 582 2155 amoto
610 2118 665 2169 U2
694 2117 774 2155 DV
1016 2117 1146 2153 amota
1173 2116 1258 2154 NA
1275 2117 1305 2154 F

238 2182 275 2219 II
319 2183 423 2230 8‚15.
454 2193 509 2219 αη
536 2193 661 2229 usque
690 2182 745 2234 U2
773 2181 849 2220 DV
1015 2192 1194 2229 anusque
1224 2181 1259 2219 N
1290 2182 1470 2229 anusque
1490 2182 1521 2220 F

293 2248 424 2297 33‚16.
453 2245 520 2286 via
548 2248 606 2285 est
633 2247 689 2300 U2
718 2247 797 2286 DV
1015 2244 1080 2284 via
1108 2246 1189 2285 NF

360 2314 422 2353 29.
454 2310 641 2360 cecropiis
669 2312 724 2365 U2
754 2312 832 2350 DV
1016 2309 1199 2359 cicropiis
1229 2312 1264 2350 N
1280 2313 1310 2351 F
1341 2317 1413 2351 etc.

347 2377 425 2418 Sed
464 2377 559 2418 certi
595 2378 805 2431 quicquam
845 2378 893 2417 de
927 2378 1001 2417 hac
1020 2391 1076 2417 ,re
1112 2378 1232 2417 statui
1267 2393 1383 2430 posse
1418 2393 1531 2431 nege,
1577 2393 1663 2418 cum

238 2443 325 2483 aliis
354 2445 463 2494 locis,
494 2445 601 2484 velut
629 2447 669 2483 in

236 2509 414 2560 1124,36
445 2509 541 2548 eheu
570 2511 625 2564 U2
653 2511 734 2550 NF
1016 2508 1091 2547 heu
1120 2508 1197 2548 heu
1226 2511 1303 2550 DV
1374 2494 1377 2497 Ι

295 2577 410 2625 32,61
443 2578 487 2613 tu
516 2589 592 2627 quq
622 2577 676 2629 U2
706 2579 749 2615 tu
778 2589 852 2624 que
879 2577 959 2615 NF
1014 2574 1101 2614 siue
1137 2589 1178 2615 es
1213 2577 1311 2625 DV,
1356 2576 1533 2615 codicum
1577 2576 1663 2614 DV

237 2640 354 2681 lectio
374 2642 488 2682 valde
515 2642 670 2682 differat
698 2643 748 2682 ab
769 2656 815 2682 ea
842 2641 1021 2691 lectione,
1053 2656 1170 2694 quam
1190 2642 1352 2694 praebet
1371 2641 1555 2683 Urbinas.
