1980 3090
896 232 1135 269 —57-

411 359 617 398 Accedunt
659 361 878 412 complures
925 375 1060 400 versus
1107 361 1149 400 in
1190 361 1453 414 Neapolitano
1497 358 1631 398 omissi
1673 358 1736 396 vel

302 422 485 475 mutilati,
515 438 681 477 quorum
707 425 897 466 lectiones
925 428 981 466 ita
1010 432 1101 468 sunt
1127 428 1315 467 traditae:

302 498 338 538 II
358 500 489 549 225⁰.
520 498 614 551 (om.
649 500 702 553 N)
744 499 872 548 Quem
904 503 1040 552 qu(a)e
1073 502 1175 541 scire
1215 502 1336 552 timet,
1380 513 1572 550 quaerere
1606 499 1733 550 plura

519 563 627 605 iubet
653 566 691 606 U
710 567 724 606 l
743 581 768 605 v
797 567 920 619 (recte
929 567 955 619 !)

519 628 645 679 Quem
674 643 775 680 quae
803 625 905 671 Scire
932 631 1052 682 timet,
1082 646 1272 683 quaerere
1298 633 1386 684 fata
1415 632 1524 673 iubet
1552 633 1583 672 F

520 696 630 745 Quae
646 710 798 746 quoque
817 697 919 737 seire
936 698 1059 748 timet,
1080 712 1269 749 quaerere
1282 700 1408 750 plura
1426 698 1511 753 (Γῖ)
1529 698 1637 738 iubet
1656 697 1731 737 DV

520 761 632 811 Quae
660 775 812 813 quoque
840 763 941 804 scire
970 764 1089 815 timet,
1119 778 1309 815 quaerere
1335 765 1423 815 fata
1451 764 1560 804 iubet
1589 765 1631 804 L.

356 829 487 878 34,53.
517 828 682 868 restabit
712 860 721 869 .
752 861 759 869 .
788 831 825 869 N

517 893 680 933 restabit
698 895 949 945 (a)erumuas
967 896 1004 936 U
1023 896 1075 936 lv
1090 894 1137 948 (F
1145 895 1192 948 L)
1211 895 1366 948 (contra

516 959 720 1010 metrum!)

516 1024 734 1064 restauerit
759 1026 893 1064 undas
921 1027 999 1065 DV

423 1092 487 1129 83.
518 1089 648 1130 minor
676 1103 741 1129 ore
769 1102 943 1130 canorus
970 1091 1062 1144 (om.
1092 1092 1143 1144 N)
1172 1094 1208 1133 U
1230 1094 1285 1132 lv
1306 1112 1347 1123 z
1368 1093 1400 1132 Ο

298 1166 356 1205 ΠΙ
384 1168 487 1220 137.
518 1166 722 1220 cunabula
746 1166 869 1217 parvi
897 1166 989 1219 (om.
1018 1168 1072 1220 N)
1099 1170 1135 1208 U
1155 1170 1168 1208 l
1188 1184 1211 1207 v
1231 1189 1274 1200 z
1294 1170 1325 1208 Ο

381 1233 485 1282 9,35.
515 1230 610 1271 Non
634 1244 701 1282 eqo
725 1231 892 1281 velifera
918 1232 1114 1272 tumidum
1133 1246 1243 1273 mare
1260 1233 1369 1281 findo
1389 1232 1530 1272 carina
1560 1232 1652 1284 (om.
1674 1233 1726 1285 N)

1462 864 1501 902 in
1532 863 1714 902 omnibus

1470 934 1602 968 textus
1633 929 1700 967 de-

1447 993 1624 1045 perditus
1654 997 1725 1032 est.

514 1298 552 1336 U
570 1298 584 1336 l
603 1312 628 1336 v
647 1317 690 1328 =
710 1298 742 1337 O

297 1373 354 1412 IV
382 1375 419 1423 3,
451 1375 486 1412 7.
519 1372 654 1412 bactra
675 1386 751 1423 per
779 1376 889 1412 ortus
918 1374 1009 1426 (om.
1039 1375 1091 1427 N)
1119 1376 1154 1415 U
1175 1376 1232 1414 lv
1260 1374 1421 1427 (rectel)

516 1438 666 1477 blactra
687 1452 733 1487 p.
763 1452 796 1477 o.
826 1441 870 1492 F¹
890 1441 922 1479 L
938 1441 972 1479 D
988 1439 1100 1493 (V1?)

404 1525 465 1564 Ex
511 1525 586 1565 hac
628 1525 749 1579 igitur
794 1527 932 1566 tabula
976 1527 1153 1577 fortasse,
1202 1541 1301 1579 quae
1342 1527 1489 1566 fuerint
1534 1527 1725 1566 lectiones

295 1591 561 1643 Neapolitani,
592 1591 777 1644 cognosci
796 1597 945 1645 potest3
976 1593 1071 1632 certi
1091 1595 1299 1645 quicquam
1328 1594 1449 1632 statui
1471 1606 1589 1645 posse
1609 1606 1723 1644 nego.

293 1655 431 1707 Neque
466 1656 518 1695 ad
550 1661 704 1695 textum
736 1657 1021 1697 restituendum
1054 1658 1115 1696 his
1149 1658 1247 1697 locis
1275 1659 1312 1697 U
1347 1657 1488 1709 inspici
1523 1671 1621 1709 opus
1651 1662 1723 1696 est.

295 1721 396 1760 Nam
426 1722 530 1773 quod
551 1722 759 1774 quinquies
778 1723 951 1762 Urbinas
977 1723 1144 1762 discedit
1162 1737 1186 1762 a
1204 1723 1315 1763 libris
1335 1723 1411 1762 FL
1423 1724 1458 1762 D
1474 1723 1508 1761 V
1529 1723 1723 1772 omnibus,

296 1786 335 1825 in
364 1799 481 1826 versu
500 1787 658 1839 quidem
687 1788 744 1827 IV
768 1789 885 1838 11‚40
914 1788 967 1838 id,
997 1789 1101 1840 quod
1125 1788 1164 1827 in
1183 1789 1221 1828 U
1250 1787 1337 1840 (lv)
1365 1788 1521 1841 legitur,
1551 1789 1724 1828 deterius

294 1857 355 1891 est
384 1866 501 1903 quam
522 1852 702 1892 codicum
723 1853 754 1893 O
775 1854 906 1903 lectio,
936 1867 1071 1893 versus
1100 1858 1229 1893 autem
1251 1854 1306 1893 IV
1330 1855 1447 1903 11‚53
1481 1859 1520 1893 et
1549 1854 1590 1893 in
1609 1855 1659 1907 U¹
1685 1859 1727 1893 et

292 1916 334 1955 in
349 1917 381 1956 Ο
400 1917 637 1968 depravatus
659 1922 730 1968 est,
752 1918 893 1958 ceteris
913 1918 1023 1968 locis,
1043 1918 1109 1958 ubi
1128 1919 1165 1958 U
1184 1919 1232 1957 lv
1251 1919 1326 1958 soli
1345 1924 1494 1958 rectam
1513 1919 1725 1959 lectionem

292 1982 494 2033 praebent,
523 1982 564 2021 in
593 1996 649 2021 vs.
670 1983 728 2022 IV
759 1983 890 2032 1129.
911 1985 975 2023 67.
1004 1984 1060 2023 IV
1090 1985 1152 2031 3,7
1184 1997 1232 2022 ex
1261 1983 1322 2032 iis,
1352 1997 1455 2035 quae
1484 1986 1524 2023 in
1552 1984 1724 2023 LFDV

292 2046 494 2086 codicibus
509 2047 773 2097 inveniuntur,
787 2048 882 2099 quid
897 2048 1122 2100 Propertius
1137 2050 1221 2100 ipse
1236 2048 1451 2100 scripserit,
1468 2049 1723 2101 intellegitur.

398 2122 553 2172 Paucis,
584 2136 673 2162 cum
697 2123 776 2163 iam
804 2124 904 2163 haec
922 2138 986 2163 res
1015 2125 1065 2163 ad
1092 2124 1209 2163 finem
1237 2124 1431 2176 perducta
1451 2125 1515 2175 sit,
1546 2139 1724 2178 compre-

290 2187 472 2238 hendam,
503 2202 603 2240 quae
632 2202 752 2241 supra
771 2189 1019 2241 explanatius
1049 2192 1224 2242 exposui.
1269 2190 1458 2230 Codicem
1476 2190 1722 2240 Urbinatem,

290 2266 526 2306 quamquam
560 2254 781 2294 sexcenties
816 2269 904 2295 cum
937 2255 974 2295 N
1009 2254 1213 2305 consentit,
1254 2260 1388 2296 tamen
1422 2270 1472 2296 ex
1506 2257 1582 2297 hoc
1622 2256 1723 2297 libro

288 2318 375 2371 ipso
394 2320 458 2359 vel
477 2320 561 2360 solo
576 2334 656 2360 non
672 2320 913 2373 descriptum
928 2334 1014 2361 esse
1028 2321 1119 2361 inde
1134 2326 1311 2374 apparet,
1333 2323 1440 2375 quod
1456 2324 1723 2376 compluribus

287 2384 385 2424 locis
404 2385 522 2438 longe
542 2386 729 2426 differunt
742 2386 933 2427 lectiones
952 2387 1067 2426 huius
1086 2387 1136 2427 ab
1151 2386 1232 2427 illo.
1262 2387 1362 2427 Mihi
1382 2389 1542 2441 quidem
1558 2395 1722 2441 uterque

288 2450 414 2489 codex
434 2464 483 2490 ex
502 2451 642 2491 eodem
659 2452 768 2491 fonte
784 2452 986 2493 derivatus
1002 2466 1088 2492 esse
1102 2452 1271 2503 videtur,
1292 2468 1371 2505 quo
1390 2454 1518 2506 primo
1538 2455 1721 2494 librarius

286 2515 551 2568 Neapolitani,
586 2521 682 2566 tum,
711 2523 921 2571 postquam
950 2512 1150 2571 exemplar
1179 2525 1400 2560 correctum
1430 2525 1502 2570 est,
1538 2520 1721 2560 librarius

286 2581 490 2622 Urbinatis
524 2597 618 2622 usus
656 2588 726 2623 est.
786 2584 1041 2624 correcturae
1076 2589 1219 2633 autem,
1261 2600 1363 2637 quae
1404 2586 1444 2625 in
1479 2587 1515 2625 U
1550 2591 1720 2635 exstant,
