1980 3090
836 216 1077 254 -89-

247 345 324 384 1ιοο
365 345 452 383 loco
495 359 519 384 a
560 351 678 396 poeta
718 346 889 397 positum
933 361 1019 385 esse
1067 361 1154 385 cum
1196 345 1318 385 'ceteri
1363 346 1519 385 codices
1562 346 1675 396 quasi

247 413 442 448 testantur
470 413 553 449 tum
588 423 635 449 ex
665 424 712 450 eo
748 411 1033 464 cognoscimus,
1068 411 1174 463 quod
1207 410 1314 449 brevi
1345 414 1436 462 post
1465 410 1504 448 in
1533 423 1590 448 vs.
1622 411 1674 447 29

247 474 474 526 Propertius
499 487 634 524 pones,
663 490 740 516 non
762 488 897 525 ponas
925 478 1092 528 scripsit.

355 539 486 579 Etiam
505 540 545 579 in
564 541 621 579 IV
641 543 746 591 7,71.
775 542 977 581 librarium
997 542 1185 591 Lusatici,
1212 542 1357 593 quippe
1377 543 1444 593 qui
1464 541 1673 580 lectionem

248 605 297 645 ab
326 604 387 655 iis,
418 620 515 657 quas
545 606 576 646 Ο
606 613 645 646 et
673 608 710 647 U
729 622 754 646 v
782 606 982 659 praebent,
1013 608 1210 647 diversam
1229 606 1450 655 inseruerit,
1480 605 1674 645 erravisse

246 674 355 721 puto,
385 683 620 722 quamquam
648 685 725 710 vox
753 670 927 709 ‘moneris
961 672 1157 711 sententia
1190 671 1255 710 hic
1290 685 1368 710 non
1401 671 1517 723 plane
1552 675 1672 709 caret.

356 736 415 775 De
449 742 588 787 quarto
632 738 810 789 exemplo
851 751 970 789 supra
1003 738 1123 777 allato
1166 738 1284 789 paulo
1318 735 1542 777 accuratius
1576 734 1672 774 mihi

250 800 444 852 agendum
460 814 546 840 esse
566 802 746 852 arbitror,
768 803 873 854 quod
888 802 1072 852 Koehler,
1094 805 1204 842 cuius
1223 802 1411 841 iudicium
1426 800 1632 840 Heukrath
1644 798 1672 849 ¹)

248 879 403 917 quoque
443 867 684 919 comprobat,
733 867 771 906 in
808 867 902 908 diss.
936 882 1026 920 pag.
1059 869 1109 907 73
1153 882 1210 919 sq.
1246 868 1465 906 lectionem·
1496 865 1672 905 Lusatici

246 930 447 970 meliorem
477 945 562 971 esse
592 946 708 984 quam
738 937 956 972 ceterorum
990 933 1169 972 codicum
1204 933 1473 972 demonstrare
1508 936 1671 970 conatus

247 1001 319 1035 est.
376 996 447 1035 Ille
491 997 594 1036 enim
637 998 871 1037 sententiam
913 997 1063 1047 Birtii2)
1107 1003 1264 1037 secutus
1298 1009 1378 1035 non
1411 1007 1548 1045 sanus,
1593 1007 1672 1033 non

247 1063 390 1109 certus,
433 1074 512 1100 non
553 1061 696 1109 firmus
730 1063 873 1102 similia
911 1078 983 1115 pro
1025 1062 1208 1110 insanus,
1251 1061 1439 1110 incertus,
1482 1060 1672 1108 infirmus

248 1126 519 1179 similibusque
547 1128 678 1167 verbis
706 1142 784 1167 non
818 1129 893 1168 nisi
928 1129 976 1168 iis
994 1129 1109 1174 ,locis
1144 1143 1168 1167 a
1200 1130 1328 1180 poetis
1362 1132 1553 1178 usurpata
1586 1140 1672 1165 esse

248 1191 374 1241 docet,
418 1192 485 1232 ubi
519 1193 666 1233 vocalis
696 1199 763 1233 aut
791 1194 942 1245 syllaba
970 1193 1100 1233 brevis
1142 1216 1195 1221 -—
1235 1192 1388 1232 scilicet
1415 1206 1516 1243 quae
1546 1191 1672 1231 vocali

247 1257 427 1307 sequenti
465 1257 697 1308 corripiatur
738 1281 790 1285 ——-
832 1259 1051 1307 antecedat,
1096 1258 1353 1308 exemplaque
1387 1271 1435 1295 ex
1470 1256 1600 1295 Ovidii
1635 1262 1674 1294 et

246 1321 401 1361 Horatii
431 1322 668 1362 carminibus
697 1328 852 1374 sumpta
880 1323 1005 1372 affert,
1041 1322 1183 1375 quibus
1216 1323 1316 1362 haec
1347 1336 1411 1361 res
1444 1321 1672 1361 illustretur.

247 1387 398 1438 Itaque,
442 1401 530 1426 cum
571 1388 611 1425 in
653 1402 767 1427 versu
809 1388 876 1427 illo
911 1388 1168 1440 Propertiano
1209 1393 1300 1426 ante
1343 1386 1515 1425 innoxia
1556 1387 1674 1437 longa

247 1452 400 1504 syllaba
441 1453 525 1493 sine
566 1454 676 1494 hiatu
717 1454 881 1506 legatur,
924 1466 1005 1493 non
1039 1452 1163 1492 noxia
1191 1469 1215 1493 a
1249 1467 1429 1494 sermone
1469 1457 1673 1505 poetarum

247 1518 458 1557 abhorrere
486 1519 738 1570 Lusaticique
766 1520 975 1558 lectionem
1003 1521 1215 1571 genuinam
1244 1533 1331 1558 esse
1361 1518 1573 1557 contendit.
1616 1517 1672 1555 Re

246 1588 355 1623 vera'
392 1584 497 1636 apud
549 1584 636 1625 illos
689 1584 900 1637 scriptores
952 1586 1055 1625 hanc
1106 1585 1234 1638 legem
1287 1584 1534 1624 observatam
1588 1596 1672 1622 esse

248 1649 532 1701 cognoscimus,
581 1651 650 1689 sed
696 1664 775 1689 non
821 1650 950 1701 video,
998 1664 1067 1689 cur
1113 1650 1283 1690 alienam
1329 1649 1583 1702 provinciam,
1631 1654 1675 1687 ut

247 1713 421 1754 Lusatici
468 1715 676 1755 lectionem
726 1716 966 1765 defenderet,
1015 1716 1189 1755 Koehler
1231 1716 1382 1755 adjerit.
1448 1715 1672 1765 Propertius

247 1778 351 1817 enim
383 1778 468 1831 ipse
503 1779 596 1818 solis
631 1780 679 1819 iis
719 1780 829 1830 locis,
874 1780 1016 1832 quibus
1051 1780 1246 1820 vocalium
1290 1793 1519 1819 concursum
1558 1780 1672 1817 vitari

248 1844 465 1895 oportebat,
509 1859 605 1885 voce
640 1857 720 1883 non
755 1860 826 1897 pro
861 1845 905 1884 in
933 1846 1087 1897 syllaba
1128 1846 1289 1898 neganti
1318 1859 1411 1885 usus
1440 1850 1511 1884 est.
1568 1844 1671 1891 Tria,

246 1922 294 1947 ex
338 1908 479 1961 quibus
521 1910 620 1949 haec
662 1924 724 1949 res
767 1916 943 1963 apparet,
992 1911 1173 1963 exempla
1216 1910 1414 1963 congessit
1454 1908 1671 1953 Pfeiffer³):

245 1975 414 2025 primum
443 1976 549 2027 quod
578 1983 708 2016 exstat
736 1976 777 2015 in
806 1977 824 2015 I
856 1978 963 2026 126:
996 1975 1182 2024 Quaerite
1218 1989 1322 2016 non
1354 1978 1473 2016 sani
1499 1972 1674 2023 pectoris

247 2037 418 2087 auxilia,
453 2040 620 2079 alterum
654 2042 694 2079 in
728 2041 747 2079 I
782 2042 864 2089 3‚8:
909 2039 1081 2091 Cynthia
1114 2053 1219 2093 non
1248 2042 1397 2080 certis
1425 2038 1524 2077 nixa
1552 2040 1674 2088 eaput

247 2103 443 2154 manibus,
486 2109 646 2147 tertium
685 2107 725 2146 in
760 2107 816 2147 III
854 2108 962 2157 15‚8:
999 2105 1186 2146 Candida
1219 2119 1323 2147 ‘non
1358 2111 1480 2146 tecto
1516 2106 1675 2153 pectore

245 2168 363 2219 siqua
390 2170 509 2212 sedet.
566 2173 772 2212 Accedunt
804 2173 846 2212 hi
880 2186 1029 2223 versus,
1073 2173 1140 2212 ubi
1173 2174 1398 2224 Propertius
1431 2171 1528 2210 illud
1561 2183 1673 2222 prae-

247 2242 404 2288 ceptum
423 2252 580 2277 servare
601 2244 761 2283 coactus
780 2244 876 2288 erat,
902 2239 943 2278 ΙΙ
962 2241 1099 2287 29‚13:
1121 2238 1233 2276 Haec
1252 2241 1288 2276 te
1307 2250 1410 2277 non
1429 2239 1674 2276 meritum

248 2302 349 2340 totas
376 2304 579 2351 exspectat
612 2301 656 2341 in
684 2301 814 2352 horas,
852 2303 913 2343 III
951 2304 1086 2354 15‚43:
1130 2302 1186 2341 At
1218 2304 1260 2340 tu
1296 2314 1399 2342 ηοη
1433 2303 1675 2341 meritam

357 2410 390 2450 1)
413 2411 459 2444 cf.
481 2410 568 2444 disS.
592 2419 674 2453 pag.
696 2413 750 2445 64.

354 2465 388 2505 2)
413 2464 498 2504 Birt,
522 2466 576 2500 De
599 2465 815 2500 halieuticis.
838 2465 996 2500 Berolini
1020 2467 1115 2505 1878,
1139 2475 1171 2507 p.
1188 2466 1241 2499 25.

353 2520 390 2558 3)
414 2519 452 2553 G.
476 2519 627 2568 Pseiffer,
651 2519 786 2561 Quibus
801 2520 942 2563 legibus
958 2520 1034 2554 Non
1051 2522 1087 2554 et
1104 2520 1206 2553 Haud
1222 2519 1419 2562 particulae
1435 2520 1530 2562 apud
1552 2522 1676 2562 poetas

245 2572 423 2607 Romanos
446 2601 455 2608 .
473 2602 479 2608 .
498 2600 505 2607 .
529 2575 774 2618 positaesint.
810 2575 901 2610 Diss.
925 2574 1104 2617 Marpurgi
1127 2575 1222 2615 1908,
1246 2583 1325 2617 pag.
1349 2575 1402 2608 20.
