1980 3090
675 350 747 403 (U)

318 418 374 457 IV
409 419 469 458 15.
501 430 552 456 ne
579 417 792 467 quicquam
823 417 854 457 O

318 483 374 522 VI
405 485 469 522 31.
500 482 581 521 ista
610 483 641 522 O

318 549 394 587 VII
425 550 462 588 9.
496 548 651 587 lumina
680 549 710 587 F

318 614 415 652 VIII
447 616 511 653 26.
543 614 675 651 eodem
703 613 812 661 ferro
842 614 873 651 Ο

318 678 377 718 ΙΧ
407 680 471 719 38.
496 677 667 729 promite
698 679 729 717 Ο

320 745 359 783 Χ
391 746 452 783 17.
485 743 566 782 oris
594 744 629 782 D
650 744 750 797 VF2

376 812 439 852 25.
470 809 590 849 etiam
620 822 801 850 ascraeos
829 811 860 850 F
876 810 911 850 D
930 810 964 850 V

319 877 398 915 XII
429 878 465 915 9.
496 875 670 915 hamatis
699 877 731 915 O

376 943 438 982 10.
470 944 637 991 utroque
668 942 699 982 O

318 1008 417 1047 XIII
449 1010 513 1047 36.
543 1007 669 1046 unius
698 1008 729 1047 O

374 1075 439 1112 49.
468 1072 537 1111 ille
567 1073 599 1113 O

374 1140 437 1178 58.
469 1137 568 1187 quid
597 1139 629 1178 O

318 1204 416 1243 XIV
447 1206 482 1243 5.
512 1203 705 1243 horestem
735 1205 766 1244 Ο

377 1272 438 1311 16.
471 1269 698 1320 condit(c)io
728 1271 814 1309 DV

319 1336 397 1375 XV
430 1338 492 1375 14.
522 1335 721 1375 menelaeo
750 1336 835 1375 DV

375 1404 437 1442 27.
469 1401 631 1440 izmctae
659 1403 691 1441 O

374 1469 438 1506 35.
463 1466 617 1516 possim
647 1467 679 1506 Ο

375 1534 437 1571 53.
468 1531 526 1570 sie-
554 1531 667 1570 nobis
696 1532 766 1580 qui
797 1544 907 1570 nunc

470 1610 663 1649 maynum
692 1598 723 1638 O

320 1664 417 1702 XVI
452 1665 513 1704 12.
544 1662 618 1701 illa
647 1663 734 1702 DV

374 1731 438 1770 27.
471 1727 644 1768 exclusis
674 1729 706 1769 Ο

374 1796 437 1833 39.
469 1806 578 1832 nunc
607 1795 659 1846 U¹
677 1794 714 1832 V

318 1859 455 1899 XVIII
486 1862 522 1899 5.
553 1858 652 1908 quid
680 1858 716 1897 si
744 1858 826 1898 iam
856 1859 887 1899 Ο

470 1927 580 1962 aetas
609 1937 697 1963 mea
725 1928 884 1963 caneret
913 1925 944 1964 O

319 1991 419 2029 XIX
452 1994 486 2029 7.
517 1989 712 2039 spectabis
742 1992 773 2029 O

319 2056 417 2094 XXI
453 2057 514 2095 10.
545 2054 717 2093 maritus
746 2057 778 2094 O

375 2122 438 2159 31.
471 2132 560 2158 cum
590 2123 773 2168 saryeret
802 2124 833 2158 ()

374 2187 438 2224 33.
462 2186 626 2234 poterat
655 2185 687 2223 Ο

374 2252 436 2289 44.
468 2250 576 2299 quod
603 2250 682 2289 FL

1012 223 1064 260 30

1392 350 1462 403 (N)

1104 430 1154 456 ne
1182 417 1373 467 quiquam

1105 481 1180 521 iste

1106 546 1249 586 limina
1278 550 1313 588 D
1330 549 1366 588 V

1103 612 1211 660 ferro
1242 612 1374 651 eodem

1099 676 1290 727 promitte

1105 742 1213 781 horis
1240 744 1287 796 F¹

1105 822 1287 849 ascraeos
1316 809 1434 849 etiam

1104 874 1305 914 hamantis

1106 943 1271 990 uterque

1106 1020 1215 1046 unus

1104 1087 1179 1113 om·
1211 1074 1246 1112 N

1103 1138 1173 1187 qui

1103 1206 1255 1243 Oresten
1357 1247 1359 1249 ‚

1105 1269 1262 1309 condito
1290 1271 1321 1310 F

1104 1335 1280 1374 menelao
1308 1336 1339 1375 F

1104 1401 1264 1440 uinctae

1097 1466 1229 1515 possit

1104 1531 1161 1570 sie
1190 1545 1383 1583 magnum
1411 1531 1523 1571 nobis
1551 1543 1660 1570 nunc
1685 1531 1755 1580 qui

1104 1676 1190 1702 una
1218 1665 1249 1703 F

1107 1728 1280 1768 eaeclusit

1102 1793 1210 1832 hunc
1237 1795 1268 1833 F
1284 1795 1319 1834 D
1335 1796 1390 1848 Π.)

1105 1858 1204 1908 quid
1232 1872 1318 1899 mea
1346 1859 1383 1900 si

1106 1928 1215 1964 aetas
1244 1928 1466 1964 canesceret

1103 1991 1329 2041 expectabis

1104 2056 1293 2096 martitus

1105 2125 1356 2172 consuryeret

1097 2189 1289 2235 poterant

1103 2250 1201 2300 quid
1229 2253 1264 2291 D
1282 2254 1317 2292 V

319 2316 459 2354 XXIII
492 2316 526 2354 1.
558 2314 626 2354 eui
644 2316 723 2355 FL
753 2314 863 2368 (quoi
884 2316 938 2369 V.²
967 2315 1050 2370 mg)
1106 2316 1175 2365 qui
1203 2318 1291 2356 DV

374 2384 437 2423 22.
469 2381 637 2430 capiant
666 2384 698 2422 O

318 2447 456 2486 XXIV
491 2449 552 2487 13.
584 2447 686 2486 talos
715 2449 747 2488 Ο

321 2521 323 2523 “
377 2516 437 2552 17.
470 2515 555 2551 erat
584 2514 615 2553 O

319 2577 321 2580 ’
373 2580 437 2619 25.
466 2581 627 2629 puqnat
655 2580 734 2619 FL

1106 2382 1283 2422 iuverint

1107 2447 1207 2488 tales

1107 2513 1182 2552 etit

1100 2583 1257 2631 puqnet
1284 2581 1320 2620 D
1337 2582 1373 2621 V
