1980 3090
853 231 1092 269 —31-

613 359 684 412 (U)
1323 362 1392 415 (N)

260 428 379 467 XXV
408 429 472 467 37.
501 425 719 464 mutabunt
746 426 778 465 Ο
1038 427 1247 467 mutabant

192 498 195 500 “
315 494 379 531 43.
409 491 613 540 quandam
643 491 674 530 Ο
1040 494 1213 541 quadam

260 557 396 596 XXVI
428 558 488 595 19.
520 556 589 604 qm·
618 557 649 595 Ο
1038 571 1156 607 quam

316 624 380 660 20.
411 620 564 659 uisa‘O
1037 622 1150 662 aissa
1179 626 1240 663 vel
1270 623 1384 662 iussa

315 689 380 726 47.
411 698 502 725 cum
532 686 563 726 O
1038 690 1135 727 dum

316 786 379 824 50.
402 783 594 833 perfudit
633 785 671 825 U
721 785 906 836 perfudit
951 787 982 826 F
1030 786 1220 837 profudit
1247 788 1279 827 L
1295 788 1329 827 D
1345 788 1381 827 V

407 838 467 902 '(re
496 865 601 903 supr.
628 863 658 902 p
686 866 770 904 pos.
799 851 873 905 m2)
1089 852 1259 905 (refudit
1286 855 1320 892 D
1350 868 1417 906 mg
1445 868 1516 905 pro
1545 868 1581 892 v.
1612 852 1656 904 l.)

259 916 417 955 XXVII
449 918 484 955 7.
513 915 638 965 capiti
665 918 746 957 LD
763 918 799 957 V
1039 921 1161 968 caput
1187 920 1218 958 F

261 983 440 1022 XXVIII
470 984 506 1024 2.
536 985 618 1021 tam
648 983 679 1023 O
869 1029 884 1045 ·
1037 984 1119 1023 iam

342 1050 378 1106 β.
411 1046 605 1086 iurarunt
634 1049 665 1087 O
695 1048 874 1099 (iuratur
901 1051 972 1103 V2)
1038 1049 1217 1088 iurarem

341 1115 377 1153 8.
408 1126 506 1151 num
535 1114 567 1153 O
596 1114 700 1164 (nun
727 1113 780 1166 V)
1034 1127 1115 1154 non

313 1180 377 1218 41.
408 1178 444 1216 si
469 1179 504 1218 Ο
737 1180 740 1184 ’
1034 1183 1094 1219 set

313 1247 374 1284 57.
399 1226 606 1294 pessemnis
633 1246 664 1284 F
773 1292 775 1294 Ι
1026 1245 1281 1297 per(h)ennis
1309 1247 1344 1286 D
1360 1247 1397 1286 V

313 1312 374 1350 58.
404 1309 574 1359 propius
602 1311 634 1349 L
650 1312 684 1349 D
701 1312 799 1364 VF2
1025 1311 1221 1360 proprius
1249 1314 1295 1365 F1

256 1377 398 1416 XXIX
427 1379 463 1416 4.
494 1376 562 1415 hos
591 1378 625 1416 D
646 1377 737 1428 VF,
1034 1376 1104 1416 hoc
1133 1379 1179 1430 F¹
1196 1379 1228 1417 L

339 1444 374 1480 8.
405 1454 501 1480 nam
531 1442 562 1481 O
1034 1442 1117 1481 iam

315 1509 376 1560 11.
408 1510 444 1545 et
473 1507 575 1545 alter
604 1508 636 1547 Ο
1035 1510 1077 1546 at
1106 1508 1210 1546 alter

255 1573 377 1612 XXX
407 1574 469 1611 18.
493 1571 681 1621 pallidus
711 1575 742 1612 Ο
1027 1572 1211 1623 palladis

313 1641 374 1678 19.
405 1640 511 1677 dura
533 1651 664 1687 paras
694 1640 725 1678 Ο
1028 1639 1223 1677 immerito
1253 1645 1325 1679 etc.

363 1727 542 1776 Accedit,
578 1727 684 1778 quod
712 1741 847 1767 versus
876 1727 1064 1776 1122‚50,
1100 1727 1166 1778 qui
1196 1727 1308 1766 deest
1335 1727 1376 1766 in
1404 1728 1453 1777 N,
1483 1734 1613 1767 exstat
1641 1728 1681 1767 in

254 1792 447 1831 Urbinate
477 1806 500 1831 a
519 1806 574 1844 ml
605 1794 793 1844 scriptus;
823 1797 906 1831 tum
935 1793 1065 1840 verba,
1095 1806 1196 1843 quae
1226 1797 1317 1831 sunt
1344 1792 1385 1831 in
1410 1806 1466 1831 vs.
1488 1793 1681 1841 1134‚83‚

255 1855 387 1897 minor
405 1869 472 1896 ore
490 1870 672 1907 canorus,
702 1873 780 1898 non
799 1859 981 1911 leguntur
1000 1858 1039 1897 in
1059 1858 1106 1908 N,
1132 1858 1278 1898 tradita
1297 1863 1388 1898 sunt
1408 1859 1458 1898 ab
1478 1859 1681 1899 Urbinatis

254 1924 427 1963 librario.
485 1925 544 1963 Ex
587 1940 664 1976 quo
707 1930 872 1977 apparet
904 1926 940 1964 U
974 1938 1051 1963 non
1093 1924 1332 1975 descriptum
1376 1938 1461 1963 esse
1505 1939 1553 1962 ex
1596 1926 1681 1964 solo

253 1990 527 2042 Neapolitano.
587 1990 694 2037 Quae
725 1992 918 2030 sententia
946 2005 993 2029 ea
1021 2004 1175 2042 quoque
1204 2005 1246 2029 re
1276 1990 1538 2039 confirmatur,
1575 1991 1682 2042 quod

253 2055 293 2094 in
322 2056 359 2095 U
389 2056 563 2095 carmina
591 2070 615 2095 a
634 2071 692 2109 ml
730 2056 854 2095 titulis
883 2058 1074 2095 instructa
1102 2061 1192 2094 sunt
1220 2055 1361 2094 iisdem
1389 2056 1453 2094 vel
1487 2055 1681 2095 similibus

253 2126 371 2172 atque
397 2121 438 2159 in
469 2124 609 2161 ceteris
640 2123 841 2161 codicibus
870 2122 1100 2170 invenimus,
1130 2122 1169 2159 in
1198 2122 1234 2159 N
1259 2121 1536 2172 inscriptiones
1564 2122 1682 2172 plane

253 2186 406 2225 desunt.
477 2187 582 2238 Ergo
629 2191 705 2226 hoc
752 2187 909 2238 quidem
955 2190 1109 2225 constat
1151 2186 1394 2234 Urbinatem,
1444 2200 1682 2238 quamquam

251 2250 431 2302 plurimis
460 2252 557 2291 locis
588 2252 774 2291 cohaeret
803 2267 890 2292 cum
917 2252 964 2301 N,
1008 2258 1140 2290 tamen
1168 2265 1246 2290 non
1276 2251 1499 2302 dependere
1529 2266 1577 2291 ex
1605 2252 1681 2291 hoc

250 2316 338 2355 solo
368 2318 516 2356 codice.

360 2395 442 2434 Iam
471 2410 718 2448 quaeramus,
753 2410 845 2437 num
873 2395 1055 2434 librarius
1084 2394 1287 2433 Urbinatis
1317 2395 1472 2433 duobus
1507 2409 1601 2434 usus
1629 2398 1683 2434 sit

251 2460 554 2512 exemplaribus,
596 2476 760 2513 quorum
795 2462 961 2501 alterum
1000 2460 1075 2499 fuit
1109 2460 1276 2499 fortasse
1305 2460 1341 2499 N
1375 2460 1472 2512 ipse,
1514 2461 1678 2500 alterum

251 2526 376 2565 codex
419 2527 552 2578 aliqui,
603 2529 671 2579 qui
718 2529 962 2580 cognatione,
1011 2532 1055 2565 ut
1095 2525 1152 2565 ita
1194 2525 1337 2576 dicam,
1382 2541 1553 2566 conexus
1597 2531 1682 2565 erat

251 2604 339 2630 cum
377 2593 609 2632 ALFDV
649 2593 919 2639 deterioribus.
977 2592 1020 2632 Si
1054 2592 1110 2631 ita
1145 2607 1208 2631 res
1238 2607 1280 2632 se
1314 2593 1500 2643 habebat,
1542 2593 1679 2632 eodem
