1980 3090
281 363 454 403 familiae
482 378 507 415 y
538 363 741 403 codicibus
770 362 871 402 falsa
899 362 976 401 illis
1005 363 1103 403 locis
1132 361 1278 402 tradita
1307 364 1397 402 sint.
1442 362 1556 410 Quod
1584 366 1715 405 autem

283 431 333 470 ad
372 430 543 481 pretium
582 430 769 469 Lusatico
809 429 1061 468 tribuendum
1096 429 1279 482 pertinet,
1319 429 1439 469 laudo
1479 428 1715 469 sententiam

281 494 548 547 iudiciumque
581 495 788 548 Postgatii,
828 497 907 546 qui,
948 500 1158 547 postquam
1192 495 1348 534 tabulas
1377 509 1402 534 a
1429 494 1626 534 Koehlero
1655 493 1714 532 in-

282 560 441 600 stitutas
470 563 554 612 ipse
588 560 765 612 protulit,
806 560 953 599 nullam
982 560 1064 600 fere
1097 565 1246 600 rectam
1274 559 1484 599 lectionem
1519 559 1667 599 codicis
1701 559 1715 597 l

282 625 394 675 quasi
428 625 629 677 propriam
662 627 702 663 in
732 625 780 664 iis
810 638 897 664 esse
926 626 1055 664 docet.
1113 624 1279 673 Deinde,
1312 629 1357 663 ut
1384 624 1436 663 ad
1464 638 1546 663 rem
1581 624 1713 663 ortho-

280 690 510 741 graphicam
546 689 698 729 animos
733 690 998 740 advertamus,
1041 703 1091 729 ne
1130 689 1178 729 iis
1219 689 1378 741 quidem
1417 688 1543 743 locis,
1572 688 1713 741 quibus

280 755 455 794 Lusatici
489 755 709 806 scripturae
742 755 932 794 maiorem
970 755 1088 794 fidem
1121 755 1344 793 habendam
1370 768 1465 793 esse
1498 755 1671 793 Koehler
1683 752 1713 805 ¹)

279 825 404 870 putat,
422 819 608 873 cognosci
627 825 771 872 potest,
793 825 924 860 utrum
939 820 1009 859 inl
1029 835 1078 860 an
1094 820 1134 859 in
1151 819 1182 859 Ο
1198 833 1293 859 vera
1312 824 1352 859 et
1365 819 1538 872 genuina
1557 824 1714 859 servata

279 885 370 929 sint,
399 886 508 924 velut
535 886 575 924 in
605 886 623 924 I
651 887 754 935 17‚2,
786 886 853 925 ubi
882 888 921 924 in
950 887 964 924 l
993 885 1195 933 adloquor,
1225 887 1265 924 in
1286 885 1318 924 O
1348 885 1529 933 alloquor
1557 885 1711 937 legitur,

280 949 338 987 III
373 952 476 1000 6‚17,
522 951 588 989 ubi
623 948 844 998 Umidaque
878 956 1008 990 exstat
1045 950 1086 989 in
1118 951 1144 999 l,
1187 948 1450 998 Humidaque
1483 949 1522 989 in
1557 951 1710 989 ceteris.

279 1015 377 1054 Tum
398 1016 534 1066 paucis
564 1016 760 1067 agendum
791 1030 877 1055 esse
907 1030 1048 1055 censeo
1078 1016 1126 1055 de
1157 1015 1404 1065 ⁴lectionibus
1434 1015 1710 1067 singularibus’

279 1080 517 1131 depravatis,
553 1095 651 1132 quas
679 1080 855 1120 Koehler
887 1086 1070 1120 accurate
1100 1085 1139 1119 et
1167 1080 1377 1132 diligenter
1411 1079 1571 1133 collegit
1601 1085 1644 1119 vet
1672 1081 1711 1118 in

278 1145 372 1185 diss.
403 1160 493 1198 pag.
528 1150 572 1185 14
604 1161 688 1198 sqq.
720 1146 975 1186 enumeravit.
1032 1147 1091 1185 Ex
1121 1146 1262 1197 quibus
1291 1146 1503 1185 nonnullae
1532 1146 1571 1184 in
1602 1144 1711 1196 U(v)

280 1226 437 1263 quoque
475 1212 589 1251 nobis
619 1216 841 1260 occurrunt,
868 1212 979 1250 velut
1007 1211 1046 1250 II
1067 1213 1131 1261 6‚8
1161 1203 1254 1249 iura
1281 1210 1321 1250 in
1351 1212 1388 1251 U
1417 1216 1457 1250 et
1485 1225 1521 1260 v,
1551 1211 1589 1250 II
1621 1212 1707 1261 10‚7

282 1279 432 1315 ueteres
474 1277 514 1316 in
544 1278 591 1326 U,
636 1291 873 1328 quamquam
915 1281 1056 1328 postea
1095 1282 1314 1316 correctum
1358 1281 1430 1325 est,
1474 1276 1554 1315 ibd.
1586 1277 1710 1324 .16‚50

277 1340 553 1389 Fluminaque
586 1342 626 1380 in
655 1346 767 1380 textu
796 1341 945 1380 codicis
975 1356 1012 1387 v,
1055 1342 1094 1379 II
1124 1343 1242 1392 29,18
1272 1340 1373 1390 facit
1400 1341 1440 1379 in
1468 1342 1517 1390 U,
1559 1341 1631 1380 sed
1660 1342 1711 1380 ab

278 1407 415 1445 eadem
445 1421 562 1446 manu
587 1407 627 1445 in
655 1405 755 1455 facit
783 1411 990 1456 mutatum,
1020 1406 1132 1446 aliae.
1164 1406 1246 1445 Has
1275 1405 1396 1458 igitur
1423 1406 1612 1446 lectiones
1632 1419 1710 1445 non

277 1486 408 1510 errore
438 1474 534 1521 eius,
564 1472 631 1523 qui
651 1460 827 1511 L'usatici
856 1471 981 1524 ipsius
1010 1477 1161 1511 textum
1182 1471 1352 1523 scripsit,
1384 1477 1490 1511 ortas
1510 1484 1609 1520 esse,
1640 1472 1710 1510 sed

277 1539 354 1589 iam
395 1538 434 1576 in
469 1538 576 1576 fonte
610 1537 732 1577 fuisse
766 1537 980 1577 verisimile
1014 1542 1086 1577 est.
1128 1537 1404 1577 'Plurimarum
1440 1536 1549 1576 illum
1583 1537 1709 1576 viru-m

276 1603 389 1655 quasi
419 1609 621 1643 auctorem
651 1618 738 1643 esse
767 1618 845 1643 non
867 1602 1112 1656 negaverim.
1302 1603 1304 1605 ’

388 1681 714 1732 Interpolationes
744 1682 974 1720 statuendas
1005 1694 1090 1719 esse
1120 1681 1304 1719 K'oehler'
1322 1680 1418 1719 dicit
1447 1664 1514 1719 his‘
1538 1680 1653 1719 locis:

312 1758 328 1796 1
359 1759 463 1806 8‚19.
489 1760 717 1807 pervectam
743 1756 759 1797 1
1052 1759 1263 1805 praevecta
1291 1757 1423 1796 NAF
1440 1758 1474 1796 U
1504 1771 1528 1795 v

1108 1819 1295 1870 provecta
1322 1822 1357 1859 D
1374 1822 1410 1859 V

293 1887 330 1926 ΙΙ
363 1889 465 1937 1,51.
498 1886 542 1926 Si
570 1888 584 1926 l
1061 1886 1140 1925 Seu
1170 1892 1261 1926 cett.
1293 1887 1329 1926 U
1359 1901 1382 1925 v

275 1953 332 1991 III
366 1955 467 2002 18,4.
500 1952 658 2001 Strassta
685 1954 697 1991 l
1059 1951 1220 1991 Structa
1250 1952 1335 1991 OU
1364 1966 1387 1990 v

275 2018 330 2056 IV
363 2020 464 2068 l,65.
497 2016 582 2069 asis
610 2017 646 2056 si
671 2017 761 2067 quis
789 2019 802 2057 l
831 2016 932 2069 (asis
953 2018 1001 2068 U,
1059 2015 1227 2066 quasuis
1255 2017 1330 2056 FL
1365 2015 1547 2066 quisquis
1574 2017 1707 2056 NDV

493 2099 516 2122 v
545 2083 627 2136 mg)
657 2082 694 2122 si
723 2083 813 2131 quis
840 2085 895 2137 V2
924 2098 991 2135 mg

356 2143 461 2198 8,69.
491 2149 695 2196 postratus
723 2149 737 2187 l
765 2149 801 2188 U
832 2163 855 2187 v
1051 2150 1283 2196 protractus
1313 2147 1345 2187 Ο

332 2216 461 2264 10,18.
494 2212 629 2263 aprico
657 2215 670 2253 l
699 2215 735 2254 U
765 2229 788 2253 v
817 2215 867 2268 F2
882 2214 936 2267 V2
1059 2226 1083 2252 a
1107 2225 1229 2264 porco
1257 2214 1358 2267 DV¹
1378 2212 1426 2265 (L
1441 2213 1508 2268 ΕΙ)

381 2292 440 2331 Ex
476 2291 619 2344 quibus
654 2290 889 2330 lectionibus
918 2291 1123 2330 Heukrath
1132 2289 1164 2342 ²)
1194 2290 1291 2329 duas
1326 2291 1584 2343 interpolatas
1620 2304 1705 2330 esse

273 2358 466 2408 concedit,
496 2358 515 2396 I
535 2358 627 2407 8,19
659 2362 698 2396 et
723 2356 780 2395 IV
800 2358 906 2406 8,69,
937 2357 986 2395 de
1016 2356 1157 2396 ceteris
1186 2360 1318 2395 autem-
1339 2356 1578 2396 Koehlerum
1606 2356 1712 2418 falso,

271 2423 468 2463 iudicasse
499 2422 713 2463 contendit.
771 2422 980 2462 Lectiones
1010 2422 1126 2471 enim,
1163 2436 1263 2474 quae
1292 2427 1449 2462 exstent
1477 2424 1516 2461 in
1534 2419 1584 2461 ἸΙ
1617 2424 1703 2473 1,51

272 2494 311 2527 et
340 2489 395 2526 IV
428 2491 530 2538 l,65,
568 2503 661 2528 casu
696 2494 802 2528 ortas
838 2503 938 2538 esse,
982 2488 1022 2526 in
1052 2488 1110 2526 III
1143 2488 1230 2537 18,4
1260 2487 1465 2527 librarium
1501 2487 1704 2536 erravisse,

381 2598 414 2630 15
439 2597 483 2631 cf.
506 2597 591 2630 diss.
617 2607 696 2638 pag.
722 2598 772 2630 17.
916 2598 951 2636 2)
974 2597 1010 2629 in
1035 2596 1176 2629 dissert.
1202 2605 1281 2637 pag.
1297 2598 1340 2630 59
1364 2578 1440 2637 sqq.
