1980 3090
847 250 1089 288 -85—

255 397 356 435 quae
377 381 535 434 supra¹)
564 382 763 420 annotavi.
820 380 986 419 Restant
1018 381 1092 419 hae
1120 381 1246 419 bonae
1275 379 1450 419 Lusatici
1478 376 1681 426 lectiones⁷

256 462 356 500 quae
382 460 510 499 neque
538 448 579 485 in
598 446 636 486 U
656 460 680 484 v
699 459 826 498 neque
853 445 894 484 in
914 445 946 485 Ο
966 460 990 485 a
1017 446 1197 485 manibus
1225 445 1361 497 primis
1382 444 1552 496 scriptae
1572 449 1680 483 sunt:

256 524 275 562 I
341 525 377 572 9,
408 525 445 562 4.
475 521 613 570 quovis
640 522 695 574 V2
723 522 738 559 l
970 521 1131 569 quaevis
1159 522 1243 561 OU
1271 536 1295 559 v

305 590 372 638 20,
403 589 439 627 4.
469 585 635 636 minuis,
666 587 772 639 quod
799 592 931 626 tamen
960 593 1176 627 correctum
1205 592 1265 627 est
1300 587 1348 626 ab
1384 587 1522 626 eadem
1562 599 1680 625 manu

471 652 512 691 in
541 651 704 700 minine,
737 652 945 692 lectionem
973 653 1152 693 codicum
1180 655 1215 691 A
1230 654 1260 691 F
1276 653 1312 692 U
1340 667 1364 691 v

253 718 294 758 II
315 719 447 768 28,16.
478 716 607 756 veniet
633 718 648 756 l
675 717 730 771 V2
968 716 1075 757 venit
1102 718 1134 758 O
1150 719 1187 758 U
1215 733 1239 756 v

254 782 314 822 ΠΙ
333 784 462 833 11,61.
484 780 651 821 Curtius
670 781 834 836 l(F2)V2
848 797 915 835 mg
969 781 1120 821 Curius
1143 783 1254 822 NUv
1301 781 1462 820 Durius
1486 783 1530 834 F
1543 782 1676 834 LDVl

253 848 311 887 IV
333 849 462 898 l‚106.
492 846 638 887 Umbra
667 860 717 886 ue
746 860 821 896 que
848 849 861 886 l
968 847 1164 887 Umbrane
1182 860 1280 934 queae
1274 848 1313 887 N
1328 863 1352 887 v
1381 846 1423 899 (v
1442 862 1508 900 mg
1527 859 1622 895 φωρ,-
1641 846 1678 898 e)

1018 944 1167 984 Umbra
1205 956 1346 996 neque
1373 945 1410 984 U
1458 943 1578 983 Umbv
1579 956 1679 992 aque

1019 1023 1069 1049 ne
1097 1012 1128 1050 F
1143 1012 1175 1050 L
1192 1012 1226 1049 D
1241 1012 1278 1050 V

337 1077 427 1126 7‚63
456 1074 784 1125 Andromedeque
810 1077 823 1115 l
964 1074 1319 1124 Andromedaeque
1346 1075 1381 1115 N
1396 1076 1450 1129 V2
1465 1073 1518 1127 (U
1548 1074 1589 1126 v)

1019 1141 1412 1192 Andromad(a)eque
1439 1142 1475 1179 D
1490 1142 1543 1188 V;
1573 1142 1604 1179 F
1620 1142 1651 1179 L

360 1218 510 1257 Harum
549 1222 679 1257 autem
717 1218 931 1258 lectionum
959 1217 1123 1257 dimidia
1160 1217 1241 1256 fere
1281 1231 1372 1268 pars
1415 1217 1534 1256 etiam
1575 1217 1614 1255 in
1642 1217 1678 1255 V

255 1287 324 1322 aut
341 1283 384 1333 F,
406 1283 584 1335 quamvis
604 1297 628 1322 a
642 1297 760 1323 manu
774 1283 993 1323 recentiore
1013 1284 1171 1334 scripta,
1192 1284 1306 1322 nobis
1322 1282 1504 1332 occurrit,
1526 1288 1679 1322 ceterae

252 1362 331 1388 non
359 1353 441 1388 tam
469 1348 647 1388 diversae
676 1353 768 1389 sunt
795 1349 845 1389 ab
874 1348 936 1398 iis,
966 1363 1064 1401 quas
1084 1348 1225 1400 reliqui
1255 1348 1411 1388 codices
1431 1348 1514 1388 sive
1544 1363 1678 1387 omnes

253 1413 336 1452 sive
364 1414 541 1453 nonnulli
570 1414 783 1464 continent,
821 1419 865 1453 ut
892 1415 943 1453 ad
976 1415 1085 1453 locos
1121 1419 1326 1466 corruptos
1361 1414 1559 1453 sanandos
1589 1427 1638 1452 ex
1665 1414 1679 1451 1

195 1491 197 1493 ’
251 1479 425 1519 remedia
460 1479 635 1531 depromi
668 1494 830 1520 necesse
864 1479 927 1519 sit.
969 1480 1164 1529 Accedit,
1205 1480 1311 1532 quod
1345 1478 1560 1518 diiudicare
1599 1494 1678 1518 non

251 1544 331 1584 iam
365 1558 585 1597 possumus,
623 1550 754 1585 utrum
781 1558 839 1595 ea,
875 1558 976 1597 quae
1010 1544 1226 1598 singularia
1260 1549 1351 1584 sunt
1379 1544 1420 1583 in
1447 1545 1479 1583 L
1508 1548 1548 1583 et
1577 1544 1611 1583 U
1640 1558 1676 1593 V,

251 1610 423 1663 genuina
442 1625 491 1650 an
512 1624 561 1650 ex
581 1610 815 1650 coniecturis
830 1613 1005 1650 virorum
1024 1611 1230 1650 doctorum
1245 1615 1332 1650 orta
1347 1613 1436 1650 sint.
1465 1611 1638 1650 Koehler
1645 1610 1678 1662 ²)

253 1675 411 1727 quidem
441 1678 584 1728 magni
611 1675 739 1727 pretii’
770 1676 858 1715 illas
886 1675 1077 1715 lectiones
1098 1689 1185 1715 esse
1214 1676 1428 1724 contendit
1458 1689 1547 1715 cum
1570 1681 1609 1714 et
1628 1676 1677 1727 F2

253 1746 292 1780 et
299 1741 367 1794 V2,
382 1755 482 1794 quae
498 1755 615 1795 saepe
633 1741 879 1782 consentiant
894 1755 982 1781 cum
997 1742 1196 1791 Lusatico,
1212 1756 1291 1781 non
1303 1742 1421 1781 modo
1434 1747 1676 1781 correcturas

251 1806 476 1856 exhibeant,
506 1807 576 1846 sed
596 1807 715 1846 etiam
742 1820 854 1846 veras
883 1807 1073 1846 lectiones
1094 1821 1142 1845 ex
1162 1808 1376 1858 archetypo
1395 1807 1482 1858 ipso
1501 1812 1677 1857 sumptas

252 1871 505 1911 servaverint.
564 1871 643 1912 Sed
677 1872 775 1912 haec
809 1874 1004 1911 sententia
1038 1872 1156 1911 certis
1185 1872 1426 1925 argumentis
1456 1872 1676 1911 confirmari

251 1937 398 1989 nequit.
456 1938 502 1976 Id
530 1951 649 1976 unum
684 1942 815 1977 autem
841 1937 936 1976 mihi
952 1937 1163 1976 'versimile
1193 1952 1279 1977 esse
1308 1938 1463 1977 videtur
1496 1937 1676 1976 omnibus

253 2002 301 2041 iis
329 2002 440 2053 locis,
476 2003 618 2054 quibus
648 2007 716 2042 aut
743 2003 780 2042 U
809 2007 847 2042 et
875 2017 900 2040 v
929 2016 1017 2042 cum
1045 2003 1231 2042 Lusatico
1266 2002 1515 2042 consentiunt
1543 2007 1610 2041 aut
1640 2003 1675 2041 U

251 2069 313 2107 vel
342 2083 366 2107 v
396 2069 502 2108 solus
538 2083 627 2108 cum
654 2069 668 2107 1
704 2073 840 2108 contra
875 2073 1026 2107 ceteros
1062 2068 1219 2107 codices
1253 2073 1344 2117 stat,
1384 2068 1463 2107 iam
1496 2068 1536 2106 in
1568 2068 1675 2107 fonte

252 2133 460 2183 communi,
481 2147 597 2186 quem
612 2139 707 2174 nota
720 2134 778 2187 X,
793 2133 1096 2186 designavimus,
1116 2134 1305 2173 lectiones
1321 2138 1448 2172 rectas
1464 2134 1675 2172 exstitisse.

251 2199 330 2239 Ubi
357 2200 525 2240 fortasse
544 2200 595 2240 ab
614 2200 728 2240 initio
756 2199 964 2240 nonnullae
992 2199 1302 2250 inveniebantur,
1333 2200 1388 2238 ita
1412 2205 1455 2239 ut
1473 2198 1677 2239 librarium

250 2265 514 2317 Neapolitani,
544 2280 661 2318 quem
689 2267 827 2306 eodem
855 2266 1069 2318 exemplari
1091 2266 1132 2305 X
1160 2280 1273 2305 usum
1302 2280 1388 2305 esse
1417 2266 1584 2316 ostendi,
1615 2267 1676 2305 his

251 2331 348 2370 locis
378 2331 570 2375 erravisse
599 2333 816 2385 putandum
845 2333 907 2371 sit.
941 2332 1138 2381 Fortasse,
1168 2332 1235 2384 qui
1263 2332 1411 2384 primus
1441 2331 1619 2371 codicem
1638 2332 1677 2370 X

252 2396 434 2446 correxit,
470 2396 650 2437 omnium
672 2402 810 2437 auctor
837 2401 907 2436 est.
965 2396 1064 2436 Mihi
1093 2397 1250 2448 quidem
1285 2397 1443 2436 aliunde
1473 2411 1541 2436 eas
1570 2397 1610 2435 in
1638 2398 1677 2435 X

250 2460 382 2501 illatas
411 2476 498 2501 esse
526 2477 757 2515 persuasum
786 2467 857 2511 est,
887 2476 974 2502 cum
1002 2476 1081 2501 non
1110 2463 1227 2502 modo
1256 2464 1296 2501 in
1320 2463 1368 2511 N,
1399 2463 1470 2502 sed
1498 2461 1617 2501 etiam
1638 2463 1677 2502 in

360 2560 394 2598 1)
418 2559 463 2592 cf.
486 2569 566 2601 pag.
582 2561 625 2594 53
649 2569 724 2603 sqq.

359 2613 395 2654 2)
418 2614 462 2648 cf.
486 2614 572 2648 diss.
594 2624 674 2657 pag.
691 2616 744 2649 64.
