1980 3090
881 235 1098 272 ..6-

276 363 509 404 examinavi.
579 363 681 411 Quid
718 368 849 404 autem
883 363 944 403 his
982 363 1123 403 studiis
1164 364 1335 416 peractis
1374 363 1423 403 de
1460 363 1706 417 singulorum

276 430 456 468 codicum
491 432 642 482 origine
683 435 721 469 et
756 432 991 469 auctoritate
1025 429 1208 479 iudicem,
1251 430 1327 468 hoc
1361 430 1448 468 loco
1484 431 1703 481 explicabo.

276 494 354 534 Sed
383 498 612 548 priusquam
646 495 696 534 ad
724 508 807 534 rem
835 494 962 547 ipsam
991 495 1238 535 tractandam
1266 494 1425 545 accedo,
1456 499 1495 534 et
1523 495 1573 534 de
1601 509 1706 536 com·

274 561 429 611 pendiis
459 566 498 600 et
519 562 567 600 de
596 560 795 609 subsidiis,
826 574 926 611 quae
955 562 995 599 in
1014 560 1090 600 hoc
1110 574 1229 611 opere
1247 559 1485 612 perficiendo
1506 561 1705 612 usurpavi,

274 640 401 677 pauca
429 626 568 666 dicam.

384 703 592 742 Lectiones
627 702 831 742 Urbinatis
866 708 906 742 et
941 717 989 741 ex
1022 703 1259 755 imaginibus
1293 703 1605 755 photographice
1636 702 1703 742 de-

275 769 404 818 pictis,
435 782 535 819 quae
564 769 690 808 Roma
724 769 775 807 ad
803 761 866 806 me
895 768 1039 807 missae
1069 773 1172 818 sunt,
1202 774 1241 807 et
1270 782 1317 807 ex
1348 768 1622 807 collationibus
1651 769 1701 807 ab
1767 819 1770 822 Δ

273 831 397 871 Hosio
437 833 653 882 instructis,
697 832 872 873 Lusatici
907 847 955 872 ex
988 833 1135 873 tabulis
1170 847 1272 872 anno
1310 834 1411 872 1905
1447 846 1472 871 a
1504 832 1700 872 Koehlero

275 897 410 947 editis,
460 912 558 950 quas
606 898 777 938 correxit
821 898 1026 937 Heukrath
1043 899 1084 948 ¹),
1130 897 1315 937 Vaticani
1362 898 1447 937 sola
1493 911 1542 937 ex
1589 897 1702 937 Hosii

275 963 485 1003 collatione
507 963 685 1017 cognovi.
731 964 970 1014 Ceterorum,
992 978 1090 1016 quos
1111 963 1286 1014 adhibui,
1317 963 1495 1004 codicum
1514 964 1702 1003 lectiones

274 1042 322 1067 ex
352 1029 604 1080 editionibus,
635 1044 732 1082 quas
752 1030 992 1078 Baehrens2)
1023 1035 1063 1069 et
1080 1029 1227 1069 Hosius
1256 1034 1505 1082 paraverunt,
1535 1028 1696 1081 sumpsi,

274 1101 479 1145 praeterea
521 1097 572 1135 ad
605 1096 861 1135 Laurentiani
902 1097 933 1135 F
977 1096 1227 1136 collationem
1268 1095 1535 1144 novissimam,
1580 1109 1697 1147 quam

274 1160 467 1208 Haene13)
497 1161 638 1210 emisit,
670 1160 840 1213 confugi.

382 1236 501 1289 Siglis
536 1251 630 1276 usus
666 1251 752 1276 sum
780 1237 934 1286 iisdem,
969 1237 1110 1288 quibus
1144 1237 1289 1276 Hosius
1325 1237 1365 1275 in
1400 1236 1573 1275 editione
1608 1236 1703 1275 Pro·

272 1302 452 1353 pei-tiana
480 1317 574 1342 usus
605 1308 677 1342 est.
735 1303 835 1342 Sunt
864 1308 996 1342 autem
1023 1303 1139 1342 haec:

384 1370 417 1406 1.
448 1369 501 1407 N:
533 1369 658 1407 codex
686 1369 983 1420 Neapolitanus.
1041 1382 1143 1407 saec.
1174 1367 1263 1407 XII.

382 1436 418 1474 2.
449 1435 502 1473 A:
534 1435 619 1474 cod.
650 1434 868 1474 Vossianus
898 1436 961 1473 38.
1018 1448 1121 1474 saec.
1150 1434 1274 1484 XIV.,
1305 1434 1449 1473 desinit
1478 1433 1600 1483 111433.

410 1531 418 1539 .
448 1501 496 1539 F:
530 1501 614 1540 cod.
645 1500 931 1539 Laurentianus
960 1500 1058 1552 plut.
1090 1501 1154 1550 36,
1185 1501 1250 1539 49.
1311 1513 1414 1539 saec.
1443 1499 1556 1538 XIV.

410 1596 418 1604 .
449 1567 498 1604 L:
530 1567 616 1605 cod.
645 1566 928 1605 Holkhamicus
958 1567 1048 1605 333.
1107 1580 1209 1605 saec.
1239 1566 1362 1614 XIV.,
1393 1566 1467 1605 inc.
1500 1566 1538 1604 II
1553 1576 1627 1614 21‚3.

411 1662 418 1669 .
449 1631 502 1670 D:
534 1631 620 1671 cod.
650 1630 947 1670 Daventriensis
979 1632 1095 1672 1792.
1153 1644 1255 1670 saec.
1286 1631 1388 1681 XV.,
1419 1630 1494 1671 inc.
1525 1630 1630 1680 12,14.

411 1725 419 1733 .
449 1697 502 1736 V:
534 1697 619 1737 cod.
651 1697 939 1736 Ottobonianus
971 1698 1087 1736 1514.
1146 1710 1247 1736 saec.
1280 1697 1368 1735 XV.

381 1764 418 1801 7.
450 1762 498 1801 O:
531 1775 744 1802 consensus
766 1762 945 1802 codicum
964 1762 1000 1801 N
1019 1762 1053 1801 A
1084 1762 1223 1815 (usque
1242 1762 1294 1802 ad
1313 1761 1441 1814 111,ea)
1469 1762 1501 1802 F
1529 1762 1561 1801 L
1590 1761 1699 1813 (inde

272 1841 296 1865 a
325 1827 456 1877 1121,s)
497 1829 531 1866 D
561 1828 667 1875 (inde
697 1842 721 1867 a
749 1828 862 1878 12,1⁴)
904 1828 940 1866 V
969 1833 1038 1867 aut
1066 1828 1239 1867 omnium
1268 1833 1337 1867 aut
1355 1827 1607 1879 reliquorum.
1654 1828 1699 1867 In

271 1892 593 1944 inscriptionibus
616 1893 749 1932 littera
769 1893 801 1932 O
831 1907 1046 1933 consensus
1075 1893 1265 1932 librorum
1292 1897 1449 1945 praeter
1477 1893 1524 1942 N,
1554 1893 1594 1932 in
1623 1907 1700 1945 quo

271 1960 376 1997 tituli
405 1973 483 1997 non
512 1960 706 2010 leguntur,
737 1960 977 2011 designatur.

382 1501 405 1734 0301ssoe

382 2035 532 2082 Quibus
563 2035 804 2087 compendiis
834 2036 937 2075 addo
966 2036 1083 2075 haec:

408 2103 445 2139 8.
476 2102 529 2140 U:
561 2101 646 2139 cod.
676 2101 846 2140 Urbinas
876 2103 968 2140 641.
1025 2115 1129 2140 saec.
1160 2099 1248 2139 XV.

406 2169 443 2207 9.
473 2166 503 2205 l:
535 2166 621 2206 cod.
652 2165 872 2206 Lusaticus.
931 2180 1034 2206 saec.
1065 2165 1152 2206 XV.

382 2235 441 2272 10.
474 2246 514 2272 v:
547 2232 633 2272 cod.
663 2232 880 2271 Vaticanus
911 2233 1028 2273 3273.
1078 2245 1180 2271 saec.
1210 2232 1302 2271 XV.

451 2376 458 2383 .
492 2362 512 2385 ¹.
561 2375 569 2384 .
658 2361 690 2382 ί.

376 2352 410 2445 ἐξ
428 2352 505 2439 sei.
522 2353 699 2447 ffrossesstlii
716 2404 910 2445 elegiarum
928 2404 1008 2438 libr.
1022 2405 1077 2438 IV.
1107 2405 1298 2439 Recensuit
1314 2406 1490 2439 Aemilius
1507 2405 1697 2439 Baehrens.

270 2460 407 2501 Lipsiae
433 2461 527 2494 1880.

375 2516 409 2555 3)
434 2517 475 2548 A.
506 2516 650 2556 Haenel,
684 2515 735 2548 De
765 2514 940 2555 Propertii
976 2514 1095 2548 codice
1130 2514 1364 2556 Neapolitano
1392 2515 1467 2548 268.
1520 2513 1697 2555 Gryphiae

268 2569 362 2610 1912,
387 2578 419 2610 p.
445 2570 484 2602 11
510 2579 585 2611 sqq.
