1980 3090
822 237 1065 273 -59—

229 364 409 402 Resultat
436 364 613 415 gelangt:
644 363 732 402 Wir
759 364 888 403 haben
918 365 957 404 in
986 365 1075 404 dem
1103 365 1313 404 Lusaticus
1344 364 1431 404 eine
1461 378 1532 403 aus
1562 364 1661 403 zwei

229 429 428 479 Vorlagen
458 430 863 480 zusammengestellte
891 430 1160 478 Handschrift,
1196 431 1316 469 deren
1345 432 1440 468 eine.
1469 431 1542 467 mit
1570 429 1660 467 dem

228 492 524 544 Neapolitanus,
546 493 634 532 dem
655 493 873 533 anerkannt
891 495 1029 534 besten
1037 494 1191 546 Codex,
1212 496 1355 535 nachst
1370 494 1576 534 verwandt
1595 495 1660 543 ist,

229 558 417 596 wahrend
445 558 509 596 die
537 559 682 596 andere
709 558 751 596 in
779 558 905 597 einem
933 561 1061 599 nahen
1082 561 1308 599 VerhaItnis
1339 574 1387 599 zu
1417 561 1494 598 den
1522 559 1660 598 Hand·

230 621 418 661 schriften
448 622 517 661 der
544 622 716 661 anderen
744 621 886 676 Klasse
916 623 951 662 D
967 624 1000 662 V
1016 625 1097 664 AF
1126 625 1243 665 steht.
1291 624 1365 664 Mit
1393 628 1529 677 gutem
1559 623 1660 663 Ver-

230 688 409 727 standnis
437 688 489 727 ist
517 688 626 728 diese
646 688 908 740 Compilation
936 690 1178 742 ausgeft'ihrt,
1208 691 1331 730 sodass
1352 690 1424 729 wir
1443 689 1660 742 allerdings

229 755 378 792 meines
407 753 566 792 Wissen
595 753 635 791 in
657 753 799 792 keiner
826 754 1080 794 Handschrift
1113 756 1236 795 soviel
1270 756 1438 809 richtige
1467 756 1659 794 Lesarten

230 819 360 858 finden
381 822 455 858 wie
474 820 514 858 in
534 820 572 858 l.’
615 819 717 859 Sane
746 820 879 859 hercle
907 820 947 859 in
966 822 1150 860 Lusatico
1170 823 1302 874 plures
1322 823 1446 861 bonas
1466 823 1659 860 lectiones

230 887 449 924 invenimus
468 898 586 936 quam
607 887 647 924 in
666 884 831 937 singulis
853 885 1034 925 classium
1060 901 1084 925 x
1105 892 1143 926 et
1162 902 1187 938 y
1208 887 1422 927 codicibus.
1452 888 1506 926 At
1525 891 1659 926 tamen

231 951 446 989 cavendum
477 956 549 999 est,
578 964 628 997 ne
657 951 781 989 solam
811 951 862 989 ob
890 965 976 990 eam
1004 966 1162 991 causam
1191 953 1352 991 nimiam
1381 952 1658 991 auctoritatem

230 1015 287 1053 illi
316 1014 416 1054 libro
445 1015 721 1063 attribuamus;
756 1029 847 1054 nam
877 1016 963 1055 illas
994 1016 1180 1056 lectiones
1209 1018 1352 1068 partim
1382 1030 1431 1056 ex
1459 1031 1485 1055 x
1513 1015 1658 1068 partim

232 1094 280 1119 ex
299 1095 324 1131 y
353 1086 529 1132 sumptas
559 1094 645 1119 esse
673 1081 886 1120 verisimile
916 1086 985 1119 est.
1031 1081 1141 1128 Quod
1170 1082 1254 1133 ipse
1283 1082 1454 1120 affirmat
1472 1081 1659 1129 Koehler,

232 1146 297 1197 qui
327 1145 501 1184 Lusatici
530 1149 680 1184 tex-tum
710 1158 758 1184 ex
787 1145 940 1185 duobus
973 1146 1144 1185 fontibus
1174 1146 1385 1187 conflatum
1415 1158 1503 1185 esse
1531 1150 1656 1197 putat.

230 1210 300 1250 Ille
330 1213 433 1250 enim
461 1211 663 1250 librarium
693 1211 841 1251 codicis
868 1212 882 1249 1
912 1212 1048 1251 eodem
1081 1217 1255 1263 tempore
1285 1214 1490 1263 utriusque
1521 1211 1659 1250 classis

232 1276 520 1327 exemplaribus
549 1289 663 1318 usum
692 1289 779 1315 esse
808 1276 1074 1315 demonstrare
1104 1281 1265 1316 conatur
1292 1277 1369 1316 hoc
1398 1274 1577 1327 mod0¹):
1614 1275 1659 1314 In

231 1356 287 1380 VS.
309 1342 365 1379 IV
389 1343 480 1390 2‚34
509 1341 694 1392 legimus:

440 1406 479 1446 in
508 1406 522 1443 1
550 1404 731 1454 Rumor,
762 1408 802 1444 in
831 1407 866 1444 N
896 1404 1046 1454 Fauor,
1077 1406 1115 1444 in
1144 1406 1178 1444 D
1196 1406 1231 1443 V
1259 1405 1447 1446 Faunus.

340 1472 443 1510 Illud
463 1469 646 1518 Fanum,
676 1471 783 1522 quod
802 1472 991 1522 praebeat
1010 1472 1035 1520 l,
1065 1486 1088 1510 a
1107 1471 1265 1510 librario
1286 1471 1388 1519 inter
1408 1470 1660 1509 scribendum

233 1550 281 1574 ex
315 1535 466 1584 Fauor,
511 1536 616 1587 quod
659 1540 788 1578 exstet
825 1535 867 1577 in
901 1550 938 1585 x,
982 1540 1021 1575 et
1053 1534 1237 1584 Faumw,
1282 1535 1388 1587 quod
1430 1535 1585 1587 legatur
1619 1534 1657 1573 in

231 1602 429 1641 nonnullis
460 1601 597 1640 classis
625 1616 650 1652 y
679 1601 895 1651 codicibus,
926 1603 1183 1653 compositum
1212 1615 1298 1640 esse
1324 1601 1499 1639 Koehler
1529 1600 1660 1639 docet.

231 1667 381 1706 Eodem
409 1667 526 1706 modo
556 1672 662 1706 ortas
692 1680 778 1706 esse
807 1667 996 1717 lectiones
1024 1667 1111 1706 has:

232 1733 270 1771 II
318 1734 421 1782 334.
451 1730 787 1785 Ardidu-S‘(supp.
810 1732 887 1786 ml)
913 1747 961 1772 ex
981 1731 1135 1771 Aridus
1154 1732 1204 1780 (N
1218 1732 1265 1780 F)
1288 1737 1326 1770 et
1348 1730 1532 1770 Ardidus
1552 1731 1660 1780 (DV)

245 1814 247 1817 ·
288 1800 419 1847 25‚42.
449 1796 564 1836 ducis
593 1812 642 1837 ex
670 1796 782 1837 ducit
810 1797 880 1849 (N)
910 1803 949 1838 et
977 1796 1105 1836 dulcis
1134 1798 1186 1846 (D
1203 1796 1254 1848 V)

288 1886 350 1934 29,
382 1887 418 1923 4.
449 1858 519 1922 11οὲ
547 1883 583 1936 (s
611 1885 700 1924 add.
731 1883 805 1937 ml)
836 1899 884 1924 ex
913 1883 982 1922 hoc
1008 1884 1062 1932 (N
1076 1883 1124 1935 F)
1152 1889 1191 1922 et
1220 1882 1288 1920 hos
1316 1883 1371 1933 (D
1388 1882 1440 1934 V)

233 1950 289 1989 III
321 1951 451 2000 1235.
481 1952 620 1989 metm
646 1964 700 1989 ex·
726 1961 846 1988 arcus
874 1950 925 1997 (N
942 1951 978 1989 V
1008 1948 1122 2001 corr.)
1150 1954 1190 1988 et
1218 1950 1332 1986 artus
1360 1948 1415 1998 (D
1431 1947 1492 2000 F).

342 2015 466 2062 Quam
519 2015 705 2054 Koehleri
759 2017 993 2054 sententiam
1052 2017 1379 2065 impugnaverunt
1432 2014 1622 2065 Postgate
1630 2013 1662 2062 ²)

233 2085 273 2119 et
314 2080 531 2120 Heukrath.
608 2080 679 2119 Ille
722 2081 881 2131 quidem
923 2081 1147 2119 Lusaticum
1197 2081 1378 2130 proxima
1426 2078 1662 2131 cognatione

234 2145 484 2184 coniunctum
513 2159 600 2184 esse
629 2144 832 2184 contendit
860 2159 948 2184 cum
967 2143 1238 2183 Holkhamico.
1273 2143 1411 2182 Multis
1437 2135 1546 2182 ¹enim
1565 2143 1663 2183 locis

232 2210 294 2249 his
329 2211 481 2250 duobus
525 2211 727 2251 codicibus
761 2211 953 2251 lectiones
988 2225 1012 2250 a
1046 2209 1185 2249 ceteris
1227 2209 1348 2248 libris*
1383 2209 1663 2249 dissentientes

232 2276 398 2315 traditas
427 2290 526 2326 esse⁷
556 2290 720 2328 quarum
749 2281 901 2328 partem
927 2279 1005 2315 iam
1023 2274 1236 2323 Koehlerss)
1266 2276 1457 2324 attulerit,
1484 2276 1596 2314 velut
1624 2277 1664 2313 in

233 2343 291 2381 III
317 2343 421 2391 3‚11.
453 2341 578 2380 lacres
606 2342 639 2381 L
666 2343 680 2381 l
724 2370 732 2377 .
948 2341 1052 2380 lares
1079 2341 1109 2379 F
1158 2339 1278 2378 lacios
1305 2341 1341 2379 N
1392 2340 1548 2379 alacres
1576 2341 1611 2379 D
1626 2340 1664 2380 V

239 2440 243 2445 ,
290 2409 419 2456 12,34.
442 2406 603 2445 :latreus
631 2408 663 2446 L
691 2408 705 2446 l
948 2406 1053 2445 latus
1081 2406 1112 2444 F
1170 2404 1282 2444 lacus
1310 2406 1450 2445 NDV

336 2492 420 2532 <1)—l.
444 2502 473 2526 0.
499 2503 531 2535 p.
556 2494 630 2527 415.
1069 2496 1072 2498 '

342 2547 376 2586 2)
400 2547 444 2581 cf.
469 2547 577 2581 Class.
601 2557 674 2581 rev.
698 2549 783 2582 tom.
808 2549 859 2581 20.
886 2556 978 2581 anno
1002 2546 1086 2580 1906
1109 2545 1164 2579 ed.
1188 2555 1269 2588 pag.
1294 2547 1358 2579 349
1382 2556 1458 2588 sqq.

342 2603 372 2640 3>
396 2602 481 2635 diss.
505 2610 586 2644 pag.
608 2603 663 2635 62.
