1980 3090
872 258 1112 295 —60—

274 388 330 427 IV
357 390 463 438 7,16.
494 386 611 426 tm'sta
640 388 672 426 L
702 388 714 425 l
992 385 1089 425 trita
1120 392 1210 427 cett.

333 455 463 502 10,46.
494 452 595 491 circo
624 453 656 491 L
684 454 696 491 l
993 455 1097 491 certo
1126 458 1236 501 cett.;

274 519 465 570 aliasque,
510 532 607 570 quas
649 518 784 558 videas
824 518 865 557 in
900 518 1057 558 illorum
1093 517 1449 558 dissertationibus.
1505 516 1710 568 Postgatio

274 585 396 636 igitur
423 597 655 636 persuasum
676 589 736 623 est
755 584 788 623 L
808 589 848 623 et
866 584 880 623 l
900 598 949 623 ex
979 584 1119 624 eodem
1137 585 1248 632 fonte
1272 583 1446 632 fluxisse,
1476 596 1592 634 quem
1616 586 1711 621 nota

274 650 315 689 Φ
340 652 483 702 signat,
514 649 539 689 i.
561 664 593 688 e.
618 664 666 688 ex
687 649 824 689 codice
844 650 990 701 aliquo,
1021 650 1088 701 qui
1117 655 1230 702 pater
1248 650 1310 688 vel
1339 662 1436 688 avus
1456 647 1709 688 Laurentiani

276 714 407 754 fuerit.
448 714 561 761 Quod
590 719 722 754 autem
742 715 953 755 Lusaticus
982 716 1248 768 compluribus
1275 713 1374 754 locis
1402 713 1501 753 alias
1520 714 1710 753 lectiones

272 780 462 831 praebeat
497 793 544 818 ac
579 780 610 818 F
652 785 690 818 et
718 781 764 828 L,
808 781 916 819 velut
950 780 990 818 in
1025 781 1064 830 II
1099 782 1217 830 26,35
1255 779 1421 828 Velaque
1457 777 1503 816 in
1543 778 1709 816 lNDV

272 843 442 893 Velaque
471 845 502 884 F
549 843 643 884 Vela
677 845 783 894 quod
811 846 855 896 L,
895 845 1101 886 librarium
1136 846 1219 886 eius
1255 860 1303 885 ex
1336 845 1460 885 altero
1495 842 1709 895 exemplari

271 911 428 950 diverso
444 925 469 950 a
483 911 522 949 Φ
537 909 592 962 (‘a
609 924 749 951 source
765 911 938 951 exterior
951 917 993 951 to
1009 911 1080 964 Φ’)
1099 912 1279 952 hausisse
1293 911 1479 963 Postgate
1496 909 1707 949 existimat.

406 988 598 1039 Denique,
647 1003 748 1040 quae
791 989 999 1028 Heukrath
1036 989 1196 1041 scripsit
1237 990 1285 1028 de
1328 987 1502 1027 Lusatici
1544 986 1707 1038 origine,

272 1052 517 1104 repetamus!
566 1053 698 1091 Primo
727 1053 948 1104 Heukrath,
978 1067 1068 1093 cum
1096 1054 1289 1106 Postgatii
1318 1052 1505 1092 iudicium
1532 1056 1708 1090 evertere

272 1118 442 1167 studeat,
487 1131 546 1167 ea,
591 1131 693 1170 quae
727 1118 793 1157 ille
828 1118 972 1158 litteris
1003 1119 1263 1172 consignavit,
1306 1132 1384 1158 non
1419 1130 1574 1169 semper
1601 1120 1707 1155 recte

270 1183 522 1235 interpretari
553 1183 650 1222 mihi
679 1184 847 1223 videtur.
889 1184 996 1224 Dicit
1025 1184 1130 1223 enim
1158 1184 1198 1223 in
1227 1182 1515 1224 dissertationis
1543 1196 1633 1235 pag.
1655 1182 1704 1222 21

271 1263 320 1288 ex
368 1249 500 1288 verbis
545 1249 741 1301 Postgatii
788 1249 886 1301 ipsis
934 1264 1124 1302 apparere
1178 1264 1268 1289 eum
1314 1249 1540 1289 Lusaticum
1594 1247 1706 1299 quasi

270 1314 528 1366 apographon
550 1314 803 1354 Holkhamici
831 1320 982 1366 putare.
1018 1316 1072 1353 At
1099 1316 1175 1354 hoc
1194 1314 1442 1367 Postgatium
1471 1314 1706 1353 contendere

269 1379 499 1433 negaverim
530 1394 577 1419 ea
606 1380 654 1419 de
685 1394 816 1430 causa,
854 1381 960 1432 quod
988 1380 1054 1419 ille
1083 1380 1250 1420 fortasse
1278 1380 1488 1420 nonnullas
1516 1378 1706 1419 lectiones

268 1444 461 1496 genuinas
491 1444 628 1484 codice
648 1445 661 1483 l
682 1445 850 1484 tradi-tas
880 1459 967 1484 esse
988 1445 1096 1495 dicit,
1126 1445 1193 1484 ubi
1213 1446 1393 1484 codicum
1412 1445 1445 1483 L
1465 1449 1504 1483 et
1523 1445 1554 1482 F
1573 1448 1705 1482 textus

269 1509 507 1561 depravatus
551 1509 615 1548 sit.
674 1509 787 1557 Quod
827 1510 935 1549 nullo
976 1511 1093 1550 modo
1129 1511 1317 1563 Postgate
1361 1509 1628 1557 contenderet,
1671 1508 1704 1546 si

267 1574 497 1614 Lusaticum
519 1575 604 1614 solo
625 1589 674 1613 ex
693 1575 957 1615 Holkhamico
978 1575 1221 1627 descriptum
1240 1589 1327 1615 esse
1348 1579 1537 1615 censeret.
1577 1573 1704 1620 Quare

266 1639 474 1679 Heukrath
493 1654 573 1679 non
593 1645 699 1679 recte
719 1640 828 1690 facit,
850 1641 957 1693 quod
977 1641 1087 1680 illum
1107 1641 1235 1681 virum
1253 1653 1491 1693 magnopere
1511 1639 1705 1679 erravisse

266 1705 490 1757 profitetur3
534 1706 576 1745 id
622 1711 754 1745 autem
797 1707 897 1746 bene
938 1707 1133 1748 intellexit
1174 1707 1318 1746 multas
1360 1706 1562 1755 lectiones,
1606 1718 1703 1757 quas

265 1772 431 1823 praebet
458 1772 483 1822 l,
515 1776 595 1811 tam
627 1772 804 1812 diversas
834 1787 921 1812 esse
950 1773 1001 1812 ab
1031 1773 1075 1822 L,
1106 1778 1149 1813 ut
1167 1772 1397 1813 Lusaticum
1425 1778 1533 1811 recta
1561 1770 1626 1810 via
1655 1785 1703 1810 ex

266 1837 299 1875 L
327 1836 509 1888 prodisse
548 1852 627 1877 non
668 1837 866 1877 versimile
904 1840 968 1877 sit.
1027 1838 1083 1878 Cf.
1115 1839 1297 1890 exempla
1338 1838 1388 1877 ab
1418 1835 1703 1887 Heukrathio¹)

269 1907 470 1955 congesta,
501 1917 668 1954 quorum
697 1909 850 1955 partem
879 1904 944 1943 hic
973 1904 1152 1943 afferam:

602 1969 615 2007 l
1315 1969 1347 2007 L

267 2033 325 2072 III
354 2035 390 2083 5,
422 2035 458 2073 6.
491 2045 559 2072 era
616 2033 728 2072 clade
1052 2033 1111 2073 ire
1168 2034 1294 2073 classe

393 2100 454 2139 12.
485 2097 681 2137 nectimus
737 2112 839 2140 nova
916 2120 920 2127 ι
1052 2098 1255 2149 querimus
1311 2112 1381 2138 ora

393 2165 453 2202 17.
486 2162 578 2201 hero
1050 2164 1110 2203 iro

390 2230 453 2270 24.
484 2227 690 2278 Sparsem't
719 2231 756 2267 et
1050 2229 1211 2281 Sparsit
1239 2233 1277 2270 et

389 2296 452 2334 43.
483 2292 596 2333 Num
1049 2295 1142 2335 Non

387 2362 451 2398 47.
482 2358 546 2398 hic
847 2404 849 2407 ¹
1050 2360 1192 2410 huius;
1221 2368 1261 2402 et
1290 2377 1353 2415 qu.
1384 2376 1465 2415 seq.

372 2436 432 2476 Ex
461 2437 537 2477 hac
570 2438 707 2477 tabula
734 2451 974 2490 quamquam
1004 2441 1266 2491 cognoscitur,
1301 2444 1451 2492 quanta
1479 2438 1701 2479 differentia

261 2502 313 2542 sit
343 2502 446 2542 inter
474 2503 486 2542 l
517 2509 557 2542 et
581 2504 625 2552 L,
656 2509 790 2543 tamen
809 2504 1016 2544 Heukrath
1046 2510 1252 2557 utrumque
1282 2506 1427 2545 librum
1453 2506 1504 2545 ad
1533 2505 1699 2545 eundem

371 2622 404 2660 1)
430 2621 452 2655 l.
478 2632 506 2655 c.
532 2632 564 2664 p.
581 2624 633 2656 22.
