1980 3090
848 244 1089 282 -70—

580 373 649 424 (U)
1335 374 1382 427 (l)

253 441 349 478 XVI
383 442 443 480 13.
475 438 556 477 oris
585 440 616 478 O
647 453 670 476 v
1035 438 1141 477 horis
1168 440 1204 478 N

311 508 371 544 14.
403 506 495 543 “deo
528 502 688 554 (recte!)
1035 505 1104 542 deo
1133 504 1164 543 Ο
1195 518 1218 542 ν

311 574 371 610 17.
403 568 533 609 rabies
564 570 595 609 O
624 584 649 608 v
664 570 696 623 12
725 584 792 622 mg
1035 568 1159 619 facies

308 639 371 678 29.
403 634 577 675 cumulis
602 636 685 675 ND
702 650 725 674 v
761 634 928 674 tumulis
948 636 979 674 L
1035 635 1223 674 cumulus
1247 637 1278 675 F
1294 637 1344 690 V1
1368 638 1380 676 l
1423 637 1604 677 tumulus
1630 639 1683 692 V2

253 703 370 742 XVII
394 705 455 742 16.
486 701 594 749 Quos
615 701 646 741 Ο
663 716 687 739 v
745 700 881 739 nullae
908 701 940 741 Ο
957 716 979 739 v
1038 700 1151 749 Quod
1206 700 1316 740 mille

253 769 390 808 XVIII
407 770 443 807 5.
465 767 609 805 deaetra
624 766 767 819 DV(L1
778 765 814 817 P)
832 765 939 805 deoet‘
956 781 979 804 v
1036 767 1176 805 deoeter
1203 768 1239 805 N
1254 768 1285 806 F

337 835 372 871 9.
404 832 566 870 uultum
594 832 629 870 N
644 833 676 870 L
693 832 727 870 D
744 832 779 870 V
795 832 844 884 F2
873 846 896 870 v
1037 831 1207 870 multum
1236 833 1281 885 F1

311 901 370 937 15.
403 896 621 946 uiyesimus
651 897 683 935 Ο
1037 895 1249 935 uicesimus
1280 911 1303 935 v

308 966 371 1002 24.
404 961 500 1001 torci
528 962 578 1014 Ul
640 960 737 1000 troci
766 962 801 1000 N
1036 960 1142 1000 torui
1170 962 1224 1015 V2
1240 962 1289 1014 1³³2

404 1023 499 1088 τονὲι·
518 1064 542 1088 v
578 1047 672 1086 torti
691 1049 736 1101 F¹
756 1049 806 1101 v1
825 1050 856 1087 L
872 1049 906 1087 D
925 1049 979 1101 U2

253 1117 352 1155 XIX
384 1118 447 1156 2Ο.
478 1113 655 1163 Infamis
682 1115 769 1152 ND
787 1114 820 1152 V
851 1129 875 1152 v
904 1115 952 1166 F2
1036 1113 1218 1163 Infantis
1247 1116 1292 1168 F1
1311 1116 1343 1154 L

308 1183 371 1222 24.
405 1178 568 1218 reclusit
597 1180 628 1219 O
659 1194 682 1218 v
1036 1178 1215 1218 “clausit
1243 1180 1301 1230 (re
1328 1181 1418 1221 add.
1448 1182 1520 1234 m2)

253 1246 371 1285 XXII
404 1249 438 1284 1.
470 1244 638 1283 cizzicns
667 1246 702 1283 U
719 1232 800 1283 N'F
829 1259 852 1283 v
1036 1243 1191 1293 cyzicus
1211 1246 1288 1298 Dl1
1312 1247 1358 1299 (l2
1371 1260 1493 1298 spscr.
1510 1245 1682 1295 circiter)

403 1310 572 1350 cirzicus
604 1310 635 1348 V
1089 1308 1244 1348 circiter
1272 1311 1313 1350 in
1342 1326 1417 1351 ras.
1448 1313 1480 1351 L

404 1387 537 1413 annzts
567 1375 598 1414 O
616 1375 650 1413 U
707 1373 839 1412 amnis
867 1375 902 1413 D
1035 1381 1122 1415 ἄηθ’
1149 1376 1163 1414 l
1193 1387 1319 1414 annos
1346 1377 1460 1429 F2L²

401 1441 534 1481 αηνιίἳε
564 1456 585 1479 v

251 1509 392 1546 XXIII
426 1497 674 1555 11ffmrint
701 1506 736 1544 N
767 1506 927 1554 (recten
1034 1505 1203 1552 fuerunt
1231 1508 1244 1544 1
1274 1506 1460 1555 (fuerant
1488 1508 1519 1547 Ο
1550 1508 1592 1557 v)

309 1576 371 1613 17.
402 1570 547 1621 reperit
577 1571 608 1611 Ο
639 1586 662 1610 v
1035 1570 1211 1619 repperit

252 1639 390 1677 XXIV
407 1640 471 1677 21.
492 1635 621 1675 Risus
641 1636 673 1675 O
687 1651 710 1674 v
743 1635 888 1684 positis
909 1636 940 1675 Ο
954 1651 976 1674 v
1035 1635 1149 1673 Visus
1177 1637 1231 1689 V2
1281 1636 1442 1685 positus

307 1706 370 1744 29.
402 1701 583 1741 Lumina
611 1703 646 1742 N
662 1703 711 1755 F2
1034 1700 1200 1741 Limina
1228 1703 1273 1756 F1
1294 1703 1326 1742 L
1342 1704 1376 1742 D
1393 1704 1425 1743 V
1457 1719 1482 1743 v

360 1780 502 1829 Etiam,
533 1780 638 1831 quod
659 1780 782 1818 solam
803 1779 854 1818 ad
875 1793 956 1818 rem
976 1779 1321 1832 orthographicam
1340 1780 1522 1832 pertinet,
1548 1781 1682 1821 multis

252 1847 410 1897 quidem
439 1845 537 1884 locis
566 1845 683 1884 aliam
714 1845 948 1895 scripturam
975 1846 1139 1896 praebet
1168 1846 1193 1894 l,
1223 1845 1340 1884 aliam
1372 1847 1417 1885 U.
1477 1847 1555 1885 Sed
1583 1847 1682 1886 haec

252 1925 313 1950 res
352 1912 463 1963 parvi
500 1909 687 1949 momenti
726 1915 796 1959 est,
833 1910 938 1962 quod
974 1923 1211 1963 cognoscere
1245 1924 1323 1950 non
1353 1912 1431 1950 iam
1459 1925 1680 1964 possumus,

251 1977 347 2027 quid
376 1977 493 2014 fuerit
513 1976 701 2026 scriptum
730 1976 770 2013 in
799 1976 984 2024 fontibus,
1016 1976 1110 2026 quid
1139 1990 1163 2014 a
1181 1976 1353 2014 librariis
1373 1977 1469 2027 ipsis
1489 1982 1681 2016 mutatum

252 2042 315 2081 sit.
375 2041 504 2088 Quare
547 2054 682 2079 omnes
716 2040 832 2080 huius
871 2040 978 2080 modi
1018 2040 1259 2080 differentias
1301 2040 1366 2081 hic
1408 2041 1679 2095 neglegamus!

252 2107 495 2153 Quaeramus
525 2112 668 2154 autem⁷
708 2106 810 2143 unde
840 2107 908 2144 illa
942 2107 1067 2144 altera
1095 2106 1316 2155 diversitas,
1352 2121 1452 2158 quae
1487 2113 1548 2146 est
1580 2107 1682 2146 inter

250 2172 442 2211 lectiones
461 2170 667 2211 Urbinatis
697 2175 736 2210 et
755 2170 942 2219 Lusatici‚
973 2176 1060 2210 orta
1079 2170 1142 2210 sit.
1183 2171 1227 2210 In
1248 2171 1375 2224 prima
1393 2172 1681 2213 dissertationis

250 2236 403 2290 parte¹)
438 2239 708 2277 demonstrare
745 2243 908 2276 conatus
944 2252 1029 2276 sum
1065 2243 1245 2276 auctores
1274 2238 1477 2278 Urbinatis
1512 2244 1552 2278 et
1579 2239 1680 2278 Nea-

249 2303 415 2356 politani
445 2304 583 2343 eodem
610 2317 702 2342 usos
732 2317 818 2343 esse
839 2302 959 2352 fonte,
990 2317 1038 2342 ex
1067 2317 1144 2355 quo
1164 2303 1332 2355 primum
1363 2304 1487 2344 codex
1506 2304 1554 2354 N,
1585 2309 1679 2354 tum⁷

250 2375 459 2421 postquam
494 2370 591 2408 illud
627 2369 829 2420 exemplar
863 2370 1094 2408 correctoris
1129 2369 1294 2408 alicuius
1328 2384 1486 2409 manum
1521 2383 1680 2421 passum

250 2440 321 2484 est,
346 2435 379 2474 U
401 2434 621 2487 descriptus
653 2440 723 2473 est.
768 2435 827 2473 Ex
852 2434 927 2473 hoc
956 2434 1056 2473 libro
1077 2435 1258 2486 equidem
1278 2434 1504 2474 Lusaticum
1526 2448 1680 2486 quoque

250 2501 471 2552 dependere
513 2500 719 2539 contendo.
780 2500 882 2546 Quid
926 2499 1029 2538 enim
1072 2500 1215 2549 obstat,
1260 2502 1352 2552 quin
1388 2506 1538 2539 textum
1576 2500 1680 2539 illius

360 2609 392 2647 1)
418 2609 460 2642 cf.
485 2618 563 2651 pag.
582 2610 621 2642 31
640 2618 715 2650 sqq.
