1980 3090
861 238 1107 275 —76-

646 367 677 405 U
1366 381 1388 405 v

270 432 388 470 XVII
418 433 456 471 8.
490 365 819 481 ariachi‘a)(sic!)
851 433 898 481 U,
930 446 977 470 ex
1060 432 1259 481 adriayna
1286 367 1366 471 Nx}
1390 366 1406 417 )

424 495 597 534 ariadna
627 511 725 536 corr.
1057 512 1082 536 v
1110 512 1177 551 mg
1204 498 1287 536 dna

1109 562 1281 602 ariadna
1301 564 1314 602 1
1333 563 1411 602 DV
1442 561 1615 601 adriana
1628 563 1659 602 F
1674 563 1706 602 L

271 640 409 679 XVIII
442 641 502 679 15.
536 638 750 689 vz'yesimus
780 641 811 679 Ο
1058 639 1305 679 vicesimusl

270 717 391 755 XXII
422 719 458 756 2.
489 716 623 765 qu(a)e
650 717 809 755 NFLl
1056 729 1137 765 qua
1165 718 1248 756 DV
1291 728 1394 765 quae
1422 731 1446 754 v
1475 716 1629 768 (bene!)

270 791 410 830 XXIII
444 793 504 830 10.
529 803 787 839 promeruere
818 792 849 831 Ο
1055 804 1304 840 permeruere

328 858 389 895 11.
420 855 577 905 fuerint
604 857 639 895 N
669 855 830 907 (recte!)
1057 856 1221 905 fuerant
1248 858 1326 896 FL
1342 858 1376 896 D
1394 857 1426 894 V
1457 871 1480 895 v

1110 921 1280 970 fuerunt
1303 923 1315 960 l

270 998 408 1036 XXIV
440 999 503 1037 29.
535 996 714 1035 Lumina
744 998 778 1036 N
793 998 843 1050 F2
1056 997 1222 1036 Limina
1251 999 1296 1051 Fl
1315 998 1396 1037 LD
1414 998 1442 1036 V
1470 999 1483 1036 l
1513 997 1704 1046 (melius!)

268 1073 407 1113 XXIV
437 1074 501 1112 33.
533 1075 618 1111 tum
647 1074 779 1127 NF21
809 1074 968 1122 (rectel)
1058 1076 1103 1112 tus
1132 1088 1156 1113 v
1185 1077 1291 1121 (cum
1319 1075 1365 1127 Fl
1384 1074 1534 1125 LDV)

380 1161 440 1199 Ex
474 1161 549 1199 hoc
590 1160 720 1200 indice
760 1166 926 1213 apparet
966 1161 1003 1199 in
1040 1160 1276 1212 quibusdam
1310 1161 1488 1200 versibus
1523 1161 1704 1199 meliores

270 1226 461 1266 lectiones
506 1231 662 1265 exstare
705 1226 744 1265 in
781 1240 803 1263 v
840 1240 957 1277 quam
991 1226 1031 1264 in
1068 1226 1114 1275 U⁷
1159 1226 1267 1265 velut
1307 1226 1347 1264 in
1377 1225 1434 1265 III
1463 1227 1566 1275 6‚30.
1599 1227 1703 1276 7‚62.

271 1293 378 1340 223.
410 1293 556 1340 24‚29.,
587 1292 638 1330 ad
667 1305 765 1342 quas
796 1296 915 1340 certo,
947 1294 979 1330 si
1010 1293 1097 1342 quis
1127 1296 1310 1330 accurate
1331 1291 1496 1330 duorum
1525 1291 1705 1330 codicum

269 1362 423 1395 textum
452 1356 680 1407 inspexerit,
717 1357 814 1395 alias
844 1356 989 1395 addere
1018 1355 1174 1407 poterit.
1234 1355 1339 1402 Quas
1368 1369 1503 1394 omnes
1538 1356 1620 1394 sive
1655 1370 1704 1394 ex

269 1421 402 1473 aliquo
452 1426 670 1460 ceterorum
715 1421 895 1461 codicum
937 1426 1114 1473 sumptas
1158 1421 1240 1460 sive
1284 1435 1332 1460 ex
1375 1420 1532 1473 ingenio
1580 1421 1703 1473 ipsius

268 1486 419 1525 librarii
450 1492 556 1525 ortas
587 1500 673 1525 esse
702 1487 750 1525 iis
781 1487 1087 1526 existimandum
1116 1492 1188 1536 est,
1219 1488 1286 1537 qui
1315 1500 1339 1524 v
1369 1500 1417 1525 ex
1438 1487 1475 1526 U
1503 1491 1611 1526 recta
1639 1486 1704 1525 via

268 1551 513 1603 descriptum
543 1565 629 1590 esse
665 1551 740 1591 sibi
775 1556 1067 1603 persuaserunt.
1125 1553 1178 1591 At
1213 1565 1285 1604 ego
1322 1552 1436 1590 aliter
1470 1552 1518 1590 de
1552 1552 1627 1590 hac
1661 1565 1703 1589 re

268 1617 412 1656 iudico.
457 1617 501 1656 In
524 1617 717 1656 Vaticano
747 1617 852 1656 enim
880 1617 1090 1657 nonnullas
1120 1616 1309 1656 lectiones
1339 1619 1571 1666 invenimus,
1603 1630 1702 1669 quae

269 1697 357 1721 cum
378 1683 594 1723 deteriores
620 1685 699 1722 sint
718 1685 778 1733 iis,
810 1698 908 1735 quas
929 1684 965 1723 U
986 1683 1131 1735 aliique
1153 1683 1309 1723 codices
1338 1683 1540 1736 praebent,
1571 1688 1702 1726 textus

269 1749 505 1788 emendandi
532 1762 652 1788 causa
679 1750 856 1801 profecto
885 1763 964 1788 non
993 1763 1017 1788 a
1045 1749 1205 1788 librario
1225 1754 1408 1800 receptae
1427 1754 1530 1788 sunt.
1578 1749 1702 1788 Immo

268 1814 391 1854 falsae
434 1820 473 1855 et
507 1816 677 1868 ineptae,
722 1829 823 1867 quae
867 1815 1057 1868 explicari
1092 1829 1169 1855 non
1215 1820 1392 1867 possunt,
1437 1814 1702 1867 compluribus

270 1880 367 1918 locis
397 1881 511 1918 nobis
532 1886 764 1928 occurrunt,
796 1894 958 1931 quarum
990 1885 1143 1931 partem
1171 1880 1235 1918 hio
1264 1893 1498 1932 proponam:

271 1967 326 2006 III
354 1969 389 2015 2,
422 1969 459 2006 4.
487 1966 532 2005 in
560 1968 719 2006 ‘numeri
748 1984 771 2007 v
791 1969 826 2008 N
847 1970 859 2007 l
1052 1967 1097 2006 in
1117 1968 1225 2006 muri
1244 1970 1280 2008 U
1293 1969 1306 2007 l
1319 1969 1392 2007 DV
1409 1970 1460 2020 (v¹
1478 1982 1545 2019 mg
1559 1982 1596 2018 p.
1610 1983 1645 2006 v.
1660 1967 1700 2017 1.)

1107 2031 1267 2084 (recte!)

352 2099 459 2148 3‚30.
485 2099 650 2147 pateqee
679 2099 730 2137 vl
758 2098 825 2149 (N)
1046 2105 1139 2149 pap*
1165 2101 1279 2182 teypg)
1299 2099 1334 2138 U

393 2197 456 2236 32.
488 2197 567 2234 fera
583 2210 605 2234 v
631 2196 769 2234 nostra
784 2195 992 2250 NFlLDV1
1053 2198 1182 2235 rostra
1201 2196 1378 2250 1F2V2U
1395 2195 1450 2249 (v¹
1471 2210 1537 2249 mg
1551 2210 1588 2249 p.
1605 2210 1640 2235 v.
1658 2194 1701 2247 1.)

1124 2277 1165 2300 re
1239 2262 1246 2300 !

480 2300 648 2376 punzizfca
675 2342 698 2365 v
729 2325 895 2375 pumica
921 2327 996 2365 NL
1045 2261 1350 2375 pzcgzictizteFZDl
1380 2327 1446 2376 (V)
1476 2327 1512 2366 U
1542 2327 1701 2376 (rectel)

351 2394 455 2442 9,10.
487 2392 668 2430 calamus
699 2392 730 2431 Ο
752 2393 764 2430 l
785 2406 807 2430 v
1053 2390 1245 2429 chalamis
1274 2392 1310 2431 U
1329 2392 1495 2440 (rectel)

394 2458 454 2497 14.
487 2457 553 2495 Ad
583 2458 613 2496 O
634 2458 646 2496 l
667 2472 691 2495 v
1052 2455 1109 2495 At
1135 2457 1172 2496 U
1201 2455 1358 2508 (rectel)
1388 2472 1412 2496 v
1432 2472 1498 2509 mg
1517 2458 1619 2497 am?

322 2524 455 2572 23,11.
485 2522 651 2572 fue-rant
678 2523 709 2561 F
724 2524 755 2561 L
773 2523 807 2560 D
824 2522 859 2560 V
879 2537 903 2560 v
1050 2521 1205 2570 fuerint
1232 2522 1269 2561 N
1283 2523 1320 2561 U
1350 2522 1504 2571 (rectel)

485 2588 654 2638 fuerunt
683 2590 695 2627 l
