1980 3090
864 231 1107 269 —40—

267 361 496 400 similiorem
516 361 637 400 fuisse
657 361 767 399 libris
789 360 867 398 DV
889 374 1007 411 quam
1026 360 1303 399 Laurentiano.
1343 359 1422 398 Sed
1442 358 1702 399 demonstrari

267 426 365 465 haec
396 440 457 466 res
478 440 556 465 non
586 429 729 478 potest,
760 425 994 477 praesertim
1014 440 1103 466 cum
1124 425 1207 465 eius
1235 424 1421 474 familiae,
1452 424 1562 464 cuius
1583 438 1702 464 unum

268 493 491 544 exemplum
526 497 587 531 est
619 492 662 540 F,
699 491 800 530 alter
835 493 949 531 testis
977 492 1014 530 A
1049 491 1204 530 desinat
1232 492 1271 529 in
1307 490 1345 529 ΙΙ
1378 491 1480 539 1,63,
1518 490 1642 529 codex
1670 490 1702 528 L

268 561 413 607 autem,
449 559 515 609 qui
550 556 641 595 inde
677 570 701 595 a
728 557 766 595 II
797 557 889 606 21‚3
925 556 1075 608 incipit,
1112 555 1199 595 aliis
1233 556 1332 595 locis
1362 569 1451 595 cum
1480 555 1578 605 DV,
1615 554 1703 595 aliis

270 637 358 663 cum
387 623 421 661 N
452 621 651 674 conspiret
680 613 826 662 contra·
846 622 888 661 F.

371 785 508 838 Caput
537 785 624 826 ΙΙΙ.
666 785 729 826 De
760 786 1027 827 correcturis
1056 786 1285 827 Urbinatis
1315 796 1340 826 a
1369 797 1427 839 m1
1457 784 1604 826 factis.

379 885 607 937 Postquam,
639 898 716 936 quo
750 885 868 924 modo
889 885 1123 924 Urbinatem
1158 888 1286 923 ortum
1315 897 1402 923 esse
1426 883 1524 922 mihi
1544 897 1704 935 persua·

271 964 356 989 sum
399 950 463 1000 sit,
509 949 716 1002 explicavi,
761 950 809 989 de
851 950 1098 1000 correcturis,
1143 963 1243 1002 quae
1277 949 1317 989 in
1354 963 1400 989 eo
1440 948 1703 999 inveniuntur,

271 1015 495 1067 disputabo.
545 1015 747 1055 Librarius
777 1015 892 1065 enim,
924 1016 991 1068 qui
1021 1016 1196 1055 codicem
1226 1029 1274 1054 ex
1302 1014 1371 1054 illo
1399 1016 1519 1064 fonte,
1549 1015 1599 1054 de
1628 1028 1705 1066 quo

271 1093 390 1132 supra
425 1080 500 1133 egi,
537 1080 759 1133 descripsit,
795 1080 898 1120 inter
933 1081 1175 1120 exarandum
1209 1081 1398 1120 nonnulla
1431 1080 1563 1128 verba,
1605 1094 1705 1132 quae

270 1160 348 1185 non
389 1151 495 1185 recte
536 1145 713 1185 imitatus
756 1150 851 1195 erat,
897 1146 982 1197 ipse
1022 1145 1255 1198 corrigebat,
1298 1145 1407 1184 velut
1448 1144 1489 1184 in
1530 1145 1569 1183 II
1613 1146 1703 1195 9‚17

895 1217 902 1232 ²

272 1242 409 1292 nautis
437 1244 474 1282 U
504 1242 612 1281 natis
642 1244 686 1293 O,
721 1244 808 1292 10,7
839 1217 986 1290 veteres
1015 1244 1051 1283 U
1080 1255 1238 1281 veneres
1268 1243 1312 1283 O.
1350 1242 1448 1283 Aliis
1469 1243 1578 1292 locis,
1599 1243 1707 1282 velut

274 1309 314 1348 in
344 1309 382 1348 II
414 1310 505 1359 30,9
535 1308 690 1357 semel&
721 1309 873 1349 litteras
908 1309 1197 1361 suprascriptas
1225 1323 1249 1348 a
1276 1308 1438 1348 librario
1474 1323 1553 1348 non
1588 1308 1707 1348 corri-

272 1374 391 1427 gendi
427 1388 558 1424 causa,
595 1376 664 1414 sed
700 1375 806 1426 quod
840 1375 918 1414 iam
955 1375 994 1413 in
1031 1374 1257 1426 exemplari,
1294 1388 1370 1426 quo
1405 1374 1472 1413 ille
1507 1387 1599 1413 usus
1634 1379 1705 1424 est,

273 1441 494 1489 exstabant,
531 1440 687 1480 additas
723 1454 810 1480 esse
846 1441 1118 1480 demonstrare
1154 1445 1316 1480 conatus
1352 1453 1449 1480 sum.
1508 1439 1607 1479 Aliis
1637 1440 1707 1478 du·

272 1507 380 1545 bium
410 1519 496 1544 esse
526 1505 622 1543 mihi
651 1506 819 1554 videtur,
849 1510 992 1554 utrum,
1022 1519 1122 1557 quae
1142 1505 1307 1557 praebet
1326 1504 1510 1554 Urbinas,
1533 1518 1580 1543 ex
1600 1505 1706 1543 fonte

260 1570 356 1613 ,eius
387 1575 544 1622 sumpta
573 1585 622 1610 an
653 1586 676 1610 a
705 1570 866 1610 librario
897 1571 983 1622 ipso
1013 1571 1149 1610 addita
1177 1571 1240 1609 vel
1269 1570 1400 1609 deleta
1428 1571 1518 1609 sint.
1577 1570 1634 1609 Cf.

273 1668 309 1706 ΙΙ
332 1669 393 1717 14,
427 1669 449 1706 5
479 1666 623 1705 electra
644 1668 677 1706 N
695 1667 779 1706 DV
798 1666 937 1717 (eletra
957 1668 1003 1717 F)
1062 1641 1207 1717 electa}
1234 1668 1283 1717 U,
1314 1672 1354 1707 et

275 1734 312 1772 II
355 1735 446 1782 3‚24
478 1731 649 1770 ardicius
678 1732 759 1771 NF
1060 1732 1202 1771 aridus
1230 1733 1315 1771 DV

880 1794 1050 1849 ardicius
1079 1798 1114 1837 U

352 1960 490 2012 Caput
519 1961 589 2001 lv.
645 1961 707 2001 De
738 1972 863 2002 manu
893 1962 1047 2010 altera,
1077 1974 1184 2012 quae
1213 1963 1259 2003 iu
1287 1963 1325 2003 U
1355 1964 1527 2003 versata
1557 1964 1637 2003 est.

386 2059 547 2097 Praeter
601 2064 843 2098 correcturas
891 2075 914 2098 a
962 2074 1015 2112 m1
1072 2062 1196 2099 factas
1246 2061 1421 2099 codicem
1481 2060 1709 2100 Urbinatem

276 2124 442 2163 alteram
485 2137 644 2162 manum
688 2123 948 2176 corrigentem
991 2139 1152 2176 passum
1195 2139 1281 2165 esse
1326 2131 1362 2164 et
1408 2140 1456 2164 ex
1492 2125 1710 2166 litterarum

277 2190 397 2228 ductu
428 2190 584 2228 diverso
614 2204 638 2227 a
667 2189 819 2228 ratione
849 2190 1059 2240 scribendi,
1092 2205 1209 2241 quam
1240 2196 1377 2230 auctor
1405 2191 1489 2242 ipse
1518 2192 1709 2242 adhibuit,
1744 2213 1750 2231 ς

276 2259 315 2294 et
345 2268 393 2293 ex
423 2269 482 2304 eo,
514 2255 619 2307 quod
645 2254 843 2293 nonnullis
865 2254 962 2294 locis
987 2254 1086 2294 alius
1107 2255 1343 2307 perspicitur
1363 2257 1470 2296 color
1488 2260 1708 2306 atramenti,

276 2320 462 2372 cognosci
497 2325 640 2371 potest.
701 2321 831 2371 Atque
866 2320 963 2358 illud
1009 2334 1055 2358 ex
1102 2320 1338 2373 imaginibus
1382 2322 1529 2361 codicis
1570 2324 1710 2374 photo-

275 2385 464 2438 graphice
500 2386 668 2438 depictis
704 2386 894 2436 intellexi,
930 2386 1005 2425 hoc
1042 2401 1088 2425 ex
1125 2387 1333 2426 collatione
1367 2388 1417 2427 ab
1447 2387 1569 2427 Hosio
1598 2388 1710 2428 insti-

275 2457 361 2491 tuta
391 2452 574 2505 comperi.
628 2452 706 2492 Sed
736 2466 784 2492 ne
815 2452 880 2492 hic
910 2451 1068 2504 quidem
1099 2467 1121 2491 a
1150 2453 1264 2492 nobis
1294 2467 1447 2506 semper
1477 2453 1575 2493 satis
1606 2454 1710 2494 clare

277 2518 483 2558 diiudicari
532 2524 675 2571 potest,
727 2520 775 2557 ab
820 2524 908 2558 utra
952 2534 1068 2558 manu
1114 2522 1375 2558 correctiones
1419 2520 1577 2559 additae
1619 2520 1711 2569 sint,

278 2590 407 2623 utrum
438 2599 461 2623 a
489 2584 619 2637 priore
649 2599 697 2623 an
729 2599 752 2623 a
783 2584 1011 2624 recentiore.
1072 2585 1200 2632 Quare
1220 2586 1387 2625 fortasse
1408 2599 1485 2626 una
1505 2587 1566 2627 vel
1587 2586 1712 2627 altera
