<?xml version="1.0" encoding="UTF-8"?>
<!DOCTYPE html PUBLIC "-//W3C//DTD XHTML 1.0 Transitional//EN"
    "http://www.w3.org/TR/xhtml1/DTD/xhtml1-transitional.dtd">
<html xmlns="http://www.w3.org/1999/xhtml" xml:lang="en" lang="en">
 <head>
  <title>
</title>
<meta http-equiv="Content-Type" content="text/html;charset=utf-8" />
  <meta name='ocr-system' content='tesseract 3.04.00' />
  <meta name='ocr-capabilities' content='ocr_page ocr_carea ocr_par ocr_line ocrx_word'/>
</head>
<body>
  <div class='ocr_page' id='page_1' title='image "4737906_0095.png"; bbox 0 0 1980 3090; ppageno 0'>
   <div class='ocr_carea' id='block_1_1' title="bbox 885 221 1127 283">
    <p class='ocr_par' dir='ltr' id='par_1_1' title="bbox 885 221 1127 283">
     <span class='ocr_line' id='line_1_1' title="bbox 885 221 1127 283; baseline 0.004 -11"><span class='ocrx_word' id='word_1_1' title='bbox 885 266 937 272; x_wconf 87' lang='grc'>.-</span> <span class='ocrx_word' id='word_1_2' title='bbox 982 221 1127 283; x_wconf 40' lang='lat'><em>88*-</em></span> 
     </span>
    </p>
   </div>
   <div class='ocr_carea' id='block_1_2' title="bbox 290 373 1726 947">
    <p class='ocr_par' dir='ltr' id='par_1_2' title="bbox 290 373 1726 947">
     <span class='ocr_line' id='line_1_2' title="bbox 290 373 1723 425; baseline 0.001 -12"><span class='ocrx_word' id='word_1_3' title='bbox 290 373 520 414; x_wconf 87' lang='lat' dir='ltr'>Lectionem</span> <span class='ocrx_word' id='word_1_4' title='bbox 550 387 705 425; x_wconf 87' lang='lat' dir='ltr'>quoque</span> <span class='ocrx_word' id='word_1_5' title='bbox 733 374 977 422; x_wconf 75' lang='lat' dir='ltr'>prostratus,</span> <span class='ocrx_word' id='word_1_6' title='bbox 1022 388 1122 425; x_wconf 90' lang='lat' dir='ltr'>quae</span> <span class='ocrx_word' id='word_1_7' title='bbox 1157 380 1287 414; x_wconf 86' lang='lat' dir='ltr'>exstat</span> <span class='ocrx_word' id='word_1_8' title='bbox 1320 374 1361 413; x_wconf 90' lang='lat' dir='ltr'>in</span> <span class='ocrx_word' id='word_1_9' title='bbox 1389 389 1504 415; x_wconf 87' lang='lat' dir='ltr'>versu</span> <span class='ocrx_word' id='word_1_10' title='bbox 1534 375 1588 414; x_wconf 94' lang='lat' dir='ltr'>IV</span> <span class='ocrx_word' id='word_1_11' title='bbox 1617 377 1723 425; x_wconf 84' lang='lat'>8,69,</span> 
     </span>
     <span class='ocr_line' id='line_1_3' title="bbox 290 433 1723 490; baseline 0.001 -13"><span class='ocrx_word' id='word_1_12' title='bbox 290 438 358 477; x_wconf 88' lang='lat' dir='ltr'>ubi</span> <span class='ocrx_word' id='word_1_13' title='bbox 388 438 510 477; x_wconf 88' lang='lat' dir='ltr'>ceteri</span> <span class='ocrx_word' id='word_1_14' title='bbox 545 439 701 477; x_wconf 88' lang='lat' dir='ltr'>codices</span> <span class='ocrx_word' id='word_1_15' title='bbox 735 438 928 490; x_wconf 76' lang='lat' dir='ltr'>praebent</span> <span class='ocrx_word' id='word_1_16' title='bbox 950 433 1194 488; x_wconf 58' lang='lat' dir='ltr'>motractus,</span> <span class='ocrx_word' id='word_1_17' title='bbox 1237 453 1324 479; x_wconf 91' lang='lat' dir='ltr'>cum</span> <span class='ocrx_word' id='word_1_18' title='bbox 1359 453 1434 479; x_wconf 89' lang='lat' dir='ltr'>non</span> <span class='ocrx_word' id='word_1_19' title='bbox 1471 440 1588 480; x_wconf 90' lang='lat' dir='ltr'>modo</span> <span class='ocrx_word' id='word_1_20' title='bbox 1623 442 1662 479; x_wconf 92' lang='lat' dir='ltr'>in</span> <span class='ocrx_word' id='word_1_21' title='bbox 1697 441 1723 490; x_wconf 96' lang='lat' dir='ltr'>l,</span> 
     </span>
     <span class='ocr_line' id='line_1_4' title="bbox 290 503 1725 556; baseline 0 -11"><span class='ocrx_word' id='word_1_22' title='bbox 290 504 362 545; x_wconf 87' lang='lat' dir='ltr'>sed</span> <span class='ocrx_word' id='word_1_23' title='bbox 391 503 511 544; x_wconf 87' lang='lat' dir='ltr'>etiam</span> <span class='ocrx_word' id='word_1_24' title='bbox 537 503 577 543; x_wconf 91' lang='lat' dir='ltr'>in</span> <span class='ocrx_word' id='word_1_25' title='bbox 597 504 634 544; x_wconf 94' lang='lat' dir='ltr'>U</span> <span class='ocrx_word' id='word_1_26' title='bbox 655 509 695 544; x_wconf 85' lang='lat' dir='ltr'>et</span> <span class='ocrx_word' id='word_1_27' title='bbox 722 519 746 544; x_wconf 90' lang='lat' dir='ltr'>v</span> <span class='ocrx_word' id='word_1_28' title='bbox 775 509 969 555; x_wconf 84' lang='lat' dir='ltr'>occurrat,</span> <span class='ocrx_word' id='word_1_29' title='bbox 999 519 1077 544; x_wconf 91' lang='lat' dir='ltr'>non</span> <span class='ocrx_word' id='word_1_30' title='bbox 1107 519 1131 544; x_wconf 90' lang='lat' dir='ltr'>a</span> <span class='ocrx_word' id='word_1_31' title='bbox 1149 505 1310 545; x_wconf 88' lang='lat' dir='ltr'>librario</span> <span class='ocrx_word' id='word_1_32' title='bbox 1329 505 1518 556; x_wconf 81' lang='lat' dir='ltr'>Lusatici,</span> <span class='ocrx_word' id='word_1_33' title='bbox 1548 506 1619 546; x_wconf 89' lang='lat' dir='ltr'>sed</span> <span class='ocrx_word' id='word_1_34' title='bbox 1646 508 1725 545; x_wconf 85' lang='lat' dir='ltr'>iam</span> 
     </span>
     <span class='ocr_line' id='line_1_5' title="bbox 291 569 1726 622; baseline 0.001 -13"><span class='ocrx_word' id='word_1_35' title='bbox 291 574 409 609; x_wconf 82' lang='lat' dir='ltr'>antea</span> <span class='ocrx_word' id='word_1_36' title='bbox 437 569 639 608; x_wconf 87' lang='lat' dir='ltr'>inventam</span> <span class='ocrx_word' id='word_1_37' title='bbox 668 583 755 608; x_wconf 90' lang='lat' dir='ltr'>esse</span> <span class='ocrx_word' id='word_1_38' title='bbox 779 569 829 608; x_wconf 87' lang='lat' dir='ltr'>iis</span> <span class='ocrx_word' id='word_1_39' title='bbox 859 569 1163 609; x_wconf 84' lang='lat' dir='ltr'>existimandum</span> <span class='ocrx_word' id='word_1_40' title='bbox 1193 575 1265 619; x_wconf 87' lang='lat' dir='ltr'>est,</span> <span class='ocrx_word' id='word_1_41' title='bbox 1296 570 1363 622; x_wconf 91' lang='lat' dir='ltr'>qui</span> <span class='ocrx_word' id='word_1_42' title='bbox 1382 570 1726 622; x_wconf 82' lang='lat' dir='ltr'><strong>interpolationem</strong></span> 
     </span>
     <span class='ocr_line' id='line_1_6' title="bbox 291 633 1725 688; baseline 0.001 -13"><span class='ocrx_word' id='word_1_43' title='bbox 291 649 379 675; x_wconf 90' lang='lat' dir='ltr'>eam</span> <span class='ocrx_word' id='word_1_44' title='bbox 409 648 495 674; x_wconf 90' lang='lat' dir='ltr'>esse</span> <span class='ocrx_word' id='word_1_45' title='bbox 525 633 601 674; x_wconf 88' lang='lat' dir='ltr'>sibi</span> <span class='ocrx_word' id='word_1_46' title='bbox 630 640 921 686; x_wconf 84' lang='lat' dir='ltr'>persuaserunt.</span> <span class='ocrx_word' id='word_1_47' title='bbox 951 634 1051 674; x_wconf 88' lang='lat' dir='ltr'>Mihi</span> <span class='ocrx_word' id='word_1_48' title='bbox 1080 634 1250 687; x_wconf 89' lang='lat' dir='ltr'>quidem,</span> <span class='ocrx_word' id='word_1_49' title='bbox 1281 650 1370 676; x_wconf 89' lang='lat' dir='ltr'>cum</span> <span class='ocrx_word' id='word_1_50' title='bbox 1398 636 1439 675; x_wconf 95' lang='lat' dir='ltr'>in</span> <span class='ocrx_word' id='word_1_51' title='bbox 1463 635 1725 688; x_wconf 88' lang='lat' dir='ltr'>Neapolitano</span> 
     </span>
     <span class='ocr_line' id='line_1_7' title="bbox 293 699 1724 751; baseline -0.001 -13"><span class='ocrx_word' id='word_1_52' title='bbox 293 701 369 738; x_wconf 92' lang='lat' dir='ltr'>hoc</span> <span class='ocrx_word' id='word_1_53' title='bbox 388 701 476 737; x_wconf 90' lang='lat' dir='ltr'>loco</span> <span class='ocrx_word' id='word_1_54' title='bbox 497 699 602 737; x_wconf 92' lang='lat' dir='ltr'>idem</span> <span class='ocrx_word' id='word_1_55' title='bbox 621 699 767 750; x_wconf 85' lang='lat' dir='ltr'>legitur</span> <span class='ocrx_word' id='word_1_56' title='bbox 781 700 887 750; x_wconf 92' lang='lat' dir='ltr'>quod</span> <span class='ocrx_word' id='word_1_57' title='bbox 906 701 947 737; x_wconf 92' lang='lat' dir='ltr'>in</span> <span class='ocrx_word' id='word_1_58' title='bbox 963 699 1101 738; x_wconf 89' lang='lat' dir='ltr'>classis</span> <span class='ocrx_word' id='word_1_59' title='bbox 1116 714 1142 751; x_wconf 87' lang='lat' dir='ltr'><strong>y</strong></span> <span class='ocrx_word' id='word_1_60' title='bbox 1157 699 1372 749; x_wconf 84' lang='lat' dir='ltr'>codicibus,</span> <span class='ocrx_word' id='word_1_61' title='bbox 1392 713 1470 739; x_wconf 92' lang='lat' dir='ltr'>non</span> <span class='ocrx_word' id='word_1_62' title='bbox 1479 702 1724 748; x_wconf 79' lang='lat' dir='ltr'>prostratus,</span> 
     </span>
     <span class='ocr_line' id='line_1_8' title="bbox 291 763 1725 818; baseline 0.001 -14"><span class='ocrx_word' id='word_1_63' title='bbox 291 764 363 804; x_wconf 87' lang='lat' dir='ltr'>sed</span> <span class='ocrx_word' id='word_1_64' title='bbox 390 763 488 803; x_wconf 92' lang='lat' dir='ltr'>illud</span> <span class='ocrx_word' id='word_1_65' title='bbox 513 765 742 812; x_wconf 78' lang='lat' dir='ltr'>protractus</span> <span class='ocrx_word' id='word_1_66' title='bbox 770 763 810 803; x_wconf 90' lang='lat' dir='ltr'>in</span> <span class='ocrx_word' id='word_1_67' title='bbox 832 764 864 804; x_wconf 93' lang='lat' dir='ltr'>O</span> <span class='ocrx_word' id='word_1_68' title='bbox 893 764 1082 805; x_wconf 85' lang='lat' dir='ltr'>traditum</span> <span class='ocrx_word' id='word_1_69' title='bbox 1110 764 1323 818; x_wconf 87' lang='lat' dir='ltr'>genuinum</span> <span class='ocrx_word' id='word_1_70' title='bbox 1352 779 1439 805; x_wconf 80' lang='lat' dir='ltr'>esse</span> <span class='ocrx_word' id='word_1_71' title='bbox 1467 765 1634 805; x_wconf 87' lang='lat' dir='ltr'>videtur.</span> <span class='ocrx_word' id='word_1_72' title='bbox 1666 765 1725 804; x_wconf 93' lang='lat' dir='ltr'>De</span> 
     </span>
     <span class='ocr_line' id='line_1_9' title="bbox 291 829 1725 882; baseline 0 -14"><span class='ocrx_word' id='word_1_73' title='bbox 291 832 434 869; x_wconf 88' lang='lat' dir='ltr'>ceteris</span> <span class='ocrx_word' id='word_1_74' title='bbox 464 829 835 881; x_wconf 79' lang='lat' dir='ltr'>interpolationibus</span> <span class='ocrx_word' id='word_1_75' title='bbox 865 830 928 878; x_wconf 85' lang='lat' dir='ltr'>cf.,</span> <span class='ocrx_word' id='word_1_76' title='bbox 964 844 1065 881; x_wconf 86' lang='lat' dir='ltr'>quae</span> <span class='ocrx_word' id='word_1_77' title='bbox 1093 830 1299 869; x_wconf 85' lang='lat' dir='ltr'>Heukrath</span> <span class='ocrx_word' id='word_1_78' title='bbox 1328 830 1487 882; x_wconf 85' lang='lat' dir='ltr'>scripsit</span> <span class='ocrx_word' id='word_1_79' title='bbox 1513 830 1553 869; x_wconf 91' lang='lat' dir='ltr'>in</span> <span class='ocrx_word' id='word_1_80' title='bbox 1583 830 1725 869; x_wconf 87' lang='lat' dir='ltr'>disser-</span> 
     </span>
     <span class='ocr_line' id='line_1_10' title="bbox 291 888 1522 947; baseline -0.002 -12"><span class='ocrx_word' id='word_1_81' title='bbox 291 894 455 935; x_wconf 88' lang='lat' dir='ltr'>tationis</span> <span class='ocrx_word' id='word_1_82' title='bbox 483 894 639 947; x_wconf 86' lang='lat' dir='ltr'>paginis</span> <span class='ocrx_word' id='word_1_83' title='bbox 670 896 720 934; x_wconf 86' lang='lat'>59</span> <span class='ocrx_word' id='word_1_84' title='bbox 750 894 1018 946; x_wconf 86' lang='lat' dir='ltr'>sequentibus.</span> <span class='ocrx_word' id='word_1_85' title='bbox 1507 888 1522 899; x_wconf 77' lang='grc'><strong>”</strong></span> 
     </span>
    </p>
   </div>
   <div class='ocr_carea' id='block_1_3' title="bbox 292 970 1727 1218">
    <p class='ocr_par' dir='ltr' id='par_1_3' title="bbox 292 970 1727 1218">
     <span class='ocr_line' id='line_1_11' title="bbox 404 970 1726 1024; baseline 0.001 -14"><span class='ocrx_word' id='word_1_86' title='bbox 404 970 583 1023; x_wconf 91' lang='lat' dir='ltr'>Denique</span> <span class='ocrx_word' id='word_1_87' title='bbox 625 970 799 1010; x_wconf 87' lang='lat' dir='ltr'>Koehler</span> <span class='ocrx_word' id='word_1_88' title='bbox 841 971 881 1010; x_wconf 93' lang='lat' dir='ltr'>in</span> <span class='ocrx_word' id='word_1_89' title='bbox 924 971 1017 1011; x_wconf 85' lang='lat' dir='ltr'>diss.</span> <span class='ocrx_word' id='word_1_90' title='bbox 1053 985 1144 1024; x_wconf 85' lang='lat' dir='ltr'>pag.</span> <span class='ocrx_word' id='word_1_91' title='bbox 1185 973 1233 1011; x_wconf 89' lang='lat'>18</span> <span class='ocrx_word' id='word_1_92' title='bbox 1275 972 1482 1011; x_wconf 85' lang='lat' dir='ltr'>nonnullas</span> <span class='ocrx_word' id='word_1_93' title='bbox 1524 972 1726 1021; x_wconf 87' lang='lat' dir='ltr'>lectiones,</span> 
     </span>
     <span class='ocr_line' id='line_1_12' title="bbox 292 1036 1725 1089; baseline 0 -13"><span class='ocrx_word' id='word_1_94' title='bbox 292 1050 391 1089; x_wconf 90' lang='lat' dir='ltr'>quas</span> <span class='ocrx_word' id='word_1_95' title='bbox 426 1036 566 1076; x_wconf 89' lang='lat' dir='ltr'>dubias</span> <span class='ocrx_word' id='word_1_96' title='bbox 603 1036 789 1088; x_wconf 86' lang='lat' dir='ltr'>appellat,</span> <span class='ocrx_word' id='word_1_97' title='bbox 833 1036 949 1076; x_wconf 79' lang='lat' dir='ltr'>affert</span> <span class='ocrx_word' id='word_1_98' title='bbox 981 1036 1228 1089; x_wconf 86' lang='lat' dir='ltr'>primumque</span> <span class='ocrx_word' id='word_1_99' title='bbox 1263 1051 1330 1076; x_wconf 91' lang='lat' dir='ltr'>eos</span> <span class='ocrx_word' id='word_1_100' title='bbox 1364 1037 1472 1082; x_wconf 86' lang='lat' dir='ltr'>locos</span> <span class='ocrx_word' id='word_1_101' title='bbox 1511 1042 1725 1087; x_wconf 86' lang='lat' dir='ltr'>enumerat,</span> 
     </span>
     <span class='ocr_line' id='line_1_13' title="bbox 292 1101 1727 1154; baseline -0.001 -12"><span class='ocrx_word' id='word_1_102' title='bbox 292 1102 361 1142; x_wconf 92' lang='lat' dir='ltr'>ubi</span> <span class='ocrx_word' id='word_1_103' title='bbox 406 1107 445 1141; x_wconf 89' lang='lat' dir='ltr'>et</span> <span class='ocrx_word' id='word_1_104' title='bbox 487 1101 527 1140; x_wconf 92' lang='lat' dir='ltr'>in</span> <span class='ocrx_word' id='word_1_105' title='bbox 570 1102 757 1141; x_wconf 87' lang='lat' dir='ltr'>Lusatico</span> <span class='ocrx_word' id='word_1_106' title='bbox 806 1107 846 1141; x_wconf 88' lang='lat' dir='ltr'>et</span> <span class='ocrx_word' id='word_1_107' title='bbox 887 1104 927 1141; x_wconf 94' lang='lat' dir='ltr'>in</span> <span class='ocrx_word' id='word_1_108' title='bbox 972 1104 1112 1142; x_wconf 89' lang='lat' dir='ltr'>ceteris</span> <span class='ocrx_word' id='word_1_109' title='bbox 1160 1102 1271 1141; x_wconf 87' lang='lat' dir='ltr'>libris</span> <span class='ocrx_word' id='word_1_110' title='bbox 1318 1102 1577 1151; x_wconf 84' lang='lat' dir='ltr'>inveniantur,</span> <span class='ocrx_word' id='word_1_111' title='bbox 1626 1116 1727 1154; x_wconf 90' lang='lat' dir='ltr'>quae</span> 
     </span>
     <span class='ocr_line' id='line_1_14' title="bbox 293 1167 877 1218; baseline -0.002 -12"><span class='ocrx_word' id='word_1_112' title='bbox 293 1167 544 1218; x_wconf 85' lang='lat' dir='ltr'>comprobari</span> <span class='ocrx_word' id='word_1_113' title='bbox 573 1169 738 1218; x_wconf 87' lang='lat' dir='ltr'>possint,</span> <span class='ocrx_word' id='word_1_114' title='bbox 769 1168 877 1205; x_wconf 88' lang='lat' dir='ltr'>velut</span> 
     </span>
    </p>
   </div>
   <div class='ocr_carea' id='block_1_4' title="bbox 293 1242 1556 1294">
    <p class='ocr_par' dir='ltr' id='par_1_4' title="bbox 293 1242 1556 1294">
     <span class='ocr_line' id='line_1_15' title="bbox 293 1242 1556 1294; baseline 0 -11"><span class='ocrx_word' id='word_1_115' title='bbox 293 1244 333 1283; x_wconf 94' lang='lat' dir='ltr'>II</span> <span class='ocrx_word' id='word_1_116' title='bbox 375 1246 482 1294; x_wconf 83' lang='lat'>9,·27.</span> <span class='ocrx_word' id='word_1_117' title='bbox 512 1242 863 1282; x_wconf 78' lang='lat' dir='ltr'>circumstaremus</span> <span class='ocrx_word' id='word_1_118' title='bbox 891 1244 904 1282; x_wconf 92' lang='lat' dir='ltr'>l</span> <span class='ocrx_word' id='word_1_119' title='bbox 933 1244 1001 1292; x_wconf 95' lang='lat' dir='ltr'>(U)</span> <span class='ocrx_word' id='word_1_120' title='bbox 1077 1242 1226 1282; x_wconf 83' lang='lat' dir='ltr'>circum</span> <span class='ocrx_word' id='word_1_121' title='bbox 1254 1246 1452 1282; x_wconf 83' lang='lat' dir='ltr'>staremus</span> <span class='ocrx_word' id='word_1_122' title='bbox 1480 1244 1512 1283; x_wconf 95' lang='grc' dir='ltr'><strong>Ο</strong></span> <span class='ocrx_word' id='word_1_123' title='bbox 1531 1259 1556 1282; x_wconf 87' lang='lat' dir='ltr'>v</span> 
     </span>
    </p>
   </div>
   <div class='ocr_carea' id='block_1_5' title="bbox 292 1307 1559 1554">
    <p class='ocr_par' dir='ltr' id='par_1_5' title="bbox 292 1307 1559 1554">
     <span class='ocr_line' id='line_1_16' title="bbox 352 1307 1559 1361; baseline 0 -14"><span class='ocrx_word' id='word_1_124' title='bbox 352 1310 482 1357; x_wconf 83' lang='lat'><strong>13‚27.</strong></span> <span class='ocrx_word' id='word_1_125' title='bbox 512 1307 694 1357; x_wconf 69' lang='lat' dir='ltr'>sequam‘s</span> <span class='ocrx_word' id='word_1_126' title='bbox 722 1309 735 1347; x_wconf 96' lang='lat' dir='ltr'>l</span> <span class='ocrx_word' id='word_1_127' title='bbox 1076 1307 1254 1356; x_wconf 80' lang='lat' dir='ltr'>sequeris</span> <span class='ocrx_word' id='word_1_128' title='bbox 1283 1309 1315 1347; x_wconf 92' lang='lat' dir='ltr'>O</span> <span class='ocrx_word' id='word_1_129' title='bbox 1331 1309 1368 1348; x_wconf 92' lang='lat' dir='ltr'><strong>U</strong></span> <span class='ocrx_word' id='word_1_130' title='bbox 1387 1323 1424 1358; x_wconf 88' lang='lat' dir='ltr'>v,</span> <span class='ocrx_word' id='word_1_131' title='bbox 1454 1309 1559 1361; x_wconf 90' lang='lat' dir='ltr'>quod</span> 
     </span>
     <span class='ocr_line' id='line_1_17' title="bbox 1131 1374 1514 1425; baseline -0.003 -12"><span class='ocrx_word' id='word_1_132' title='bbox 1131 1374 1433 1425; x_wconf 83' lang='lat' dir='ltr'>praeferendum</span> <span class='ocrx_word' id='word_1_133' title='bbox 1461 1374 1514 1413; x_wconf 90' lang='lat' dir='ltr'>sit</span> 
     </span>
     <span class='ocr_line' id='line_1_18' title="bbox 292 1436 1414 1487; baseline -0.001 -10"><span class='ocrx_word' id='word_1_134' title='bbox 292 1438 351 1477; x_wconf 89' lang='lat' dir='ltr'>IV</span> <span class='ocrx_word' id='word_1_135' title='bbox 376 1440 479 1487; x_wconf 88' lang='grc'><strong>7,71.</strong></span> <span class='ocrx_word' id='word_1_136' title='bbox 509 1437 682 1476; x_wconf 72' lang='lat' dir='ltr'>moneris</span> <span class='ocrx_word' id='word_1_137' title='bbox 711 1439 724 1476; x_wconf 90' lang='lat' dir='ltr'>l</span> <span class='ocrx_word' id='word_1_138' title='bbox 1076 1436 1250 1476; x_wconf 80' lang='lat' dir='ltr'>moueris</span> <span class='ocrx_word' id='word_1_139' title='bbox 1280 1438 1364 1477; x_wconf 94' lang='lat' dir='ltr'>OU</span> <span class='ocrx_word' id='word_1_140' title='bbox 1390 1452 1414 1476; x_wconf 90' lang='lat' dir='ltr'><strong>v</strong></span> 
     </span>
     <span class='ocr_line' id='line_1_19' title="bbox 351 1502 1473 1554; baseline 0.001 -11"><span class='ocrx_word' id='word_1_141' title='bbox 351 1505 481 1554; x_wconf 86' lang='lat'>11‚17.</span> <span class='ocrx_word' id='word_1_142' title='bbox 511 1502 681 1543; x_wconf 79' lang='lat' dir='ltr'>innoxia</span> <span class='ocrx_word' id='word_1_143' title='bbox 710 1505 722 1543; x_wconf 94' lang='lat' dir='ltr'><strong>l</strong></span> <span class='ocrx_word' id='word_1_144' title='bbox 1076 1516 1156 1543; x_wconf 89' lang='lat' dir='ltr'>non</span> <span class='ocrx_word' id='word_1_145' title='bbox 1185 1503 1310 1543; x_wconf 77' lang='lat' dir='ltr'>noxia</span> <span class='ocrx_word' id='word_1_146' title='bbox 1340 1505 1425 1544; x_wconf 94' lang='lat' dir='ltr'>OU</span> <span class='ocrx_word' id='word_1_147' title='bbox 1449 1519 1473 1543; x_wconf 91' lang='lat' dir='ltr'>v</span> 
     </span>
    </p>
   </div>
   <div class='ocr_carea' id='block_1_6' title="bbox 292 1579 1728 2175">
    <p class='ocr_par' dir='ltr' id='par_1_6' title="bbox 292 1579 1728 2175">
     <span class='ocr_line' id='line_1_20' title="bbox 403 1579 1728 1634; baseline 0.001 -15"><span class='ocrx_word' id='word_1_148' title='bbox 403 1580 553 1627; x_wconf 84' lang='lat' dir='ltr'>Quibus</span> <span class='ocrx_word' id='word_1_149' title='bbox 582 1580 680 1620; x_wconf 89' lang='lat' dir='ltr'>locis</span> <span class='ocrx_word' id='word_1_150' title='bbox 701 1580 877 1620; x_wconf 85' lang='lat' dir='ltr'>Koehler</span> <span class='ocrx_word' id='word_1_151' title='bbox 905 1580 1087 1634; x_wconf 88' lang='lat' dir='ltr'>adiungit</span> <span class='ocrx_word' id='word_1_152' title='bbox 1116 1594 1196 1631; x_wconf 89' lang='lat' dir='ltr'>eos,</span> <span class='ocrx_word' id='word_1_153' title='bbox 1227 1580 1294 1620; x_wconf 91' lang='lat' dir='ltr'>ubi</span> <span class='ocrx_word' id='word_1_154' title='bbox 1323 1594 1450 1633; x_wconf 90' lang='lat' dir='ltr'>neque</span> <span class='ocrx_word' id='word_1_155' title='bbox 1479 1580 1519 1619; x_wconf 91' lang='lat' dir='ltr'>in</span> <span class='ocrx_word' id='word_1_156' title='bbox 1549 1579 1581 1620; x_wconf 90' lang='lat' dir='ltr'>O</span> <span class='ocrx_word' id='word_1_157' title='bbox 1601 1593 1728 1632; x_wconf 90' lang='lat' dir='ltr'>neque</span> 
     </span>
     <span class='ocr_line' id='line_1_21' title="bbox 292 1647 958 1686; baseline 0 0"><span class='ocrx_word' id='word_1_158' title='bbox 292 1648 333 1686; x_wconf 93' lang='lat' dir='ltr'>in</span> <span class='ocrx_word' id='word_1_159' title='bbox 362 1648 375 1686; x_wconf 97' lang='lat' dir='ltr'>l</span> <span class='ocrx_word' id='word_1_160' title='bbox 404 1652 536 1686; x_wconf 88' lang='lat' dir='ltr'>rectae</span> <span class='ocrx_word' id='word_1_161' title='bbox 565 1647 755 1686; x_wconf 88' lang='lat' dir='ltr'>lectiones</span> <span class='ocrx_word' id='word_1_162' title='bbox 785 1652 958 1686; x_wconf 83' lang='lat' dir='ltr'>exstent:</span> 
     </span>
     <span class='ocr_line' id='line_1_22' title="bbox 292 1721 1337 1775; baseline -0.002 -12"><span class='ocrx_word' id='word_1_163' title='bbox 292 1724 332 1763; x_wconf 93' lang='lat' dir='ltr'>II</span> <span class='ocrx_word' id='word_1_164' title='bbox 356 1724 486 1773; x_wconf 86' lang='lat'>13‚47.</span> <span class='ocrx_word' id='word_1_165' title='bbox 517 1721 599 1770; x_wconf 78' lang='lat' dir='ltr'>Qui</span> <span class='ocrx_word' id='word_1_166' title='bbox 617 1723 631 1761; x_wconf 95' lang='grc'><strong>1</strong></span> <span class='ocrx_word' id='word_1_167' title='bbox 651 1723 700 1775; x_wconf 79' lang='lat' dir='ltr'>F²</span> <span class='ocrx_word' id='word_1_168' title='bbox 721 1722 841 1775; x_wconf 93' lang='lat' dir='ltr'>(quod</span> <span class='ocrx_word' id='word_1_169' title='bbox 859 1725 1021 1775; x_wconf 80' lang='lat' dir='ltr'>propius</span> <span class='ocrx_word' id='word_1_170' title='bbox 1080 1722 1179 1770; x_wconf 78' lang='lat' dir='ltr'>Quis</span> <span class='ocrx_word' id='word_1_171' title='bbox 1208 1723 1240 1763; x_wconf 94' lang='lat' dir='ltr'>O</span> <span class='ocrx_word' id='word_1_172' title='bbox 1257 1724 1293 1763; x_wconf 94' lang='lat' dir='ltr'>U</span> <span class='ocrx_word' id='word_1_173' title='bbox 1313 1738 1337 1761; x_wconf 92' lang='lat' dir='ltr'>v</span> 
     </span>
     <span class='ocr_line' id='line_1_23' title="bbox 512 1787 810 1838; baseline -0.007 -11"><span class='ocrx_word' id='word_1_174' title='bbox 512 1788 617 1827; x_wconf 83' lang='lat' dir='ltr'>absit</span> <span class='ocrx_word' id='word_1_175' title='bbox 645 1802 669 1826; x_wconf 94' lang='lat' dir='ltr'>a</span> <span class='ocrx_word' id='word_1_176' title='bbox 698 1787 810 1838; x_wconf 86' lang='lat' dir='ltr'>vero)</span> 
     </span>
     <span class='ocr_line' id='line_1_24' title="bbox 292 1851 1584 1907; baseline 0 -14"><span class='ocrx_word' id='word_1_177' title='bbox 292 1854 374 1893; x_wconf 90' lang='lat' dir='ltr'>ibd.</span> <span class='ocrx_word' id='word_1_178' title='bbox 392 1854 498 1903; x_wconf 87' lang='lat'>31‚5.</span> <span class='ocrx_word' id='word_1_179' title='bbox 515 1851 675 1902; x_wconf 79' lang='lat' dir='ltr'>quidem</span> <span class='ocrx_word' id='word_1_180' title='bbox 704 1854 717 1892; x_wconf 93' lang='lat' dir='ltr'>l</span> <span class='ocrx_word' id='word_1_181' title='bbox 1078 1851 1261 1902; x_wconf 79' lang='lat' dir='ltr'>equidem</span> <span class='ocrx_word' id='word_1_182' title='bbox 1289 1854 1326 1893; x_wconf 92' lang='lat' dir='ltr'>N</span> <span class='ocrx_word' id='word_1_183' title='bbox 1341 1854 1372 1893; x_wconf 87' lang='lat' dir='ltr'><strong>F</strong></span> <span class='ocrx_word' id='word_1_184' title='bbox 1387 1853 1480 1907; x_wconf 81' lang='lat' dir='ltr'>LV2</span> <span class='ocrx_word' id='word_1_185' title='bbox 1495 1854 1531 1893; x_wconf 94' lang='lat' dir='ltr'>U</span> <span class='ocrx_word' id='word_1_186' title='bbox 1560 1868 1584 1892; x_wconf 88' lang='lat' dir='ltr'>v</span> 
     </span>
     <span class='ocr_line' id='line_1_25' title="bbox 1135 1918 1642 1971; baseline 0.002 -15"><span class='ocrx_word' id='word_1_187' title='bbox 1135 1918 1270 1956; x_wconf 81' lang='lat' dir='ltr'>eadem</span> <span class='ocrx_word' id='word_1_188' title='bbox 1300 1920 1414 1971; x_wconf 65' lang='lat' dir='ltr'>DV1;</span> <span class='ocrx_word' id='word_1_189' title='bbox 1444 1919 1524 1967; x_wconf 91' lang='lat' dir='ltr'>ubi,</span> <span class='ocrx_word' id='word_1_190' title='bbox 1555 1933 1642 1957; x_wconf 89' lang='lat' dir='ltr'>cum</span> 
     </span>
     <span class='ocr_line' id='line_1_26' title="bbox 514 1981 1543 2038; baseline 0.003 -17"><span class='ocrx_word' id='word_1_191' title='bbox 514 1981 679 2033; x_wconf 78' lang='lat' dir='ltr'>quidam</span> <span class='ocrx_word' id='word_1_192' title='bbox 712 1983 923 2037; x_wconf 84' lang='lat' dir='ltr'>flagitetur,</span> <span class='ocrx_word' id='word_1_193' title='bbox 953 1983 993 2024; x_wconf 90' lang='lat' dir='ltr'>in</span> <span class='ocrx_word' id='word_1_194' title='bbox 1022 1984 1035 2024; x_wconf 96' lang='lat' dir='ltr'>l</span> <span class='ocrx_word' id='word_1_195' title='bbox 1065 1998 1159 2024; x_wconf 84' lang='lat' dir='ltr'>vera</span> <span class='ocrx_word' id='word_1_196' title='bbox 1187 1983 1382 2038; x_wconf 84' lang='lat' dir='ltr'>scriptura</span> <span class='ocrx_word' id='word_1_197' title='bbox 1409 1984 1543 2024; x_wconf 84' lang='lat' dir='ltr'>lateat.</span> 
     </span>
     <span class='ocr_line' id='line_1_27' title="bbox 294 2048 1621 2101; baseline -0.002 -13"><span class='ocrx_word' id='word_1_198' title='bbox 294 2051 351 2088; x_wconf 94' lang='lat' dir='ltr'>IV</span> <span class='ocrx_word' id='word_1_199' title='bbox 367 2052 498 2098; x_wconf 88' lang='lat'>11,30.</span> <span class='ocrx_word' id='word_1_200' title='bbox 515 2049 866 2087; x_wconf 80' lang='lat' dir='ltr'>Eranumantinos</span> <span class='ocrx_word' id='word_1_201' title='bbox 883 2051 897 2088; x_wconf 96' lang='lat' dir='ltr'>l</span> <span class='ocrx_word' id='word_1_202' title='bbox 916 2049 1038 2101; x_wconf 66' lang='lat' dir='ltr'>(1³¹2V2</span> <span class='ocrx_word' id='word_1_203' title='bbox 1080 2049 1137 2086; x_wconf 84' lang='lat' dir='ltr'>Et</span> <span class='ocrx_word' id='word_1_204' title='bbox 1178 2048 1441 2087; x_wconf 77' lang='lat' dir='ltr'>numantinos</span> <span class='ocrx_word' id='word_1_205' title='bbox 1482 2050 1514 2087; x_wconf 91' lang='lat' dir='ltr'>L</span> <span class='ocrx_word' id='word_1_206' title='bbox 1534 2050 1568 2086; x_wconf 96' lang='lat' dir='ltr'>D</span> <span class='ocrx_word' id='word_1_207' title='bbox 1585 2049 1621 2086; x_wconf 91' lang='lat' dir='ltr'><strong>V</strong></span> 
     </span>
     <span class='ocr_line' id='line_1_28' title="bbox 513 2112 1372 2175; baseline -0.002 -21"><span class='ocrx_word' id='word_1_208' title='bbox 513 2112 595 2168; x_wconf 87' lang='lat' dir='ltr'>mg)</span> <span class='ocrx_word' id='word_1_209' title='bbox 607 2112 695 2175; x_wconf 65' lang='lat' dir='ltr'>{Cra</span> <span class='ocrx_word' id='word_1_210' title='bbox 704 2112 966 2153; x_wconf 79' lang='lat' dir='ltr'>numantinos</span> <span class='ocrx_word' id='word_1_211' title='bbox 974 2114 1037 2154; x_wconf 89' lang='lat' dir='ltr'>Uv</span> <span class='ocrx_word' id='word_1_212' title='bbox 1135 2114 1250 2167; x_wconf 70' lang='lat' dir='ltr'>(F1N</span> <span class='ocrx_word' id='word_1_213' title='bbox 1279 2112 1372 2165; x_wconf 88' lang='lat' dir='ltr'>om.)</span> 
     </span>
    </p>
   </div>
   <div class='ocr_carea' id='block_1_7' title="bbox 293 2190 1730 2491">
    <p class='ocr_par' dir='ltr' id='par_1_7' title="bbox 293 2190 1730 2491">
     <span class='ocr_line' id='line_1_29' title="bbox 404 2190 1730 2243; baseline -0.001 -13"><span class='ocrx_word' id='word_1_214' title='bbox 404 2191 633 2240; x_wconf 89' lang='lat' dir='ltr'>Videamus,</span> <span class='ocrx_word' id='word_1_215' title='bbox 651 2191 746 2243; x_wconf 90' lang='lat' dir='ltr'>quid</span> <span class='ocrx_word' id='word_1_216' title='bbox 759 2191 808 2230; x_wconf 93' lang='lat' dir='ltr'>de</span> <span class='ocrx_word' id='word_1_217' title='bbox 825 2190 991 2243; x_wconf 85' lang='lat' dir='ltr'>singulis</span> <span class='ocrx_word' id='word_1_218' title='bbox 1007 2190 1092 2229; x_wconf 91' lang='lat' dir='ltr'>eius</span> <span class='ocrx_word' id='word_1_219' title='bbox 1104 2190 1212 2228; x_wconf 88' lang='lat' dir='ltr'>modi</span> <span class='ocrx_word' id='word_1_220' title='bbox 1227 2190 1462 2229; x_wconf 84' lang='lat' dir='ltr'>lectionibus</span> <span class='ocrx_word' id='word_1_221' title='bbox 1477 2190 1730 2229; x_wconf 87' lang='lat' dir='ltr'>iudicandum</span> 
     </span>
     <span class='ocr_line' id='line_1_30' title="bbox 294 2254 1730 2306; baseline -0.001 -9"><span class='ocrx_word' id='word_1_222' title='bbox 294 2258 358 2297; x_wconf 87' lang='lat' dir='ltr'>sit.</span> <span class='ocrx_word' id='word_1_223' title='bbox 416 2257 591 2296; x_wconf 89' lang='lat' dir='ltr'>Primum</span> <span class='ocrx_word' id='word_1_224' title='bbox 626 2256 725 2296; x_wconf 88' lang='lat' dir='ltr'>illud</span> <span class='ocrx_word' id='word_1_225' title='bbox 759 2254 1123 2303; x_wconf 80' lang='lat' dir='ltr'>circumstaremus,</span> <span class='ocrx_word' id='word_1_226' title='bbox 1168 2255 1274 2306; x_wconf 91' lang='lat' dir='ltr'>quod</span> <span class='ocrx_word' id='word_1_227' title='bbox 1309 2255 1429 2294; x_wconf 87' lang='lat' dir='ltr'>etiam</span> <span class='ocrx_word' id='word_1_228' title='bbox 1464 2255 1502 2294; x_wconf 91' lang='lat' dir='ltr'>in</span> <span class='ocrx_word' id='word_1_229' title='bbox 1538 2256 1730 2295; x_wconf 88' lang='lat' dir='ltr'>Urbinate</span> 
     </span>
     <span class='ocr_line' id='line_1_31' title="bbox 293 2320 1730 2375; baseline -0.001 -15"><span class='ocrx_word' id='word_1_230' title='bbox 293 2323 449 2375; x_wconf 90' lang='lat' dir='ltr'>legitur,</span> <span class='ocrx_word' id='word_1_231' title='bbox 479 2336 558 2360; x_wconf 90' lang='lat' dir='ltr'>non</span> <span class='ocrx_word' id='word_1_232' title='bbox 577 2335 738 2374; x_wconf 88' lang='lat' dir='ltr'>prorsus</span> <span class='ocrx_word' id='word_1_233' title='bbox 758 2321 798 2360; x_wconf 92' lang='lat' dir='ltr'>in</span> <span class='ocrx_word' id='word_1_234' title='bbox 818 2322 920 2361; x_wconf 88' lang='lat' dir='ltr'>hanc</span> <span class='ocrx_word' id='word_1_235' title='bbox 940 2321 1118 2360; x_wconf 86' lang='lat' dir='ltr'>tabulam</span> <span class='ocrx_word' id='word_1_236' title='bbox 1137 2320 1260 2372; x_wconf 92' lang='lat' dir='ltr'>recipi</span> <span class='ocrx_word' id='word_1_237' title='bbox 1281 2320 1462 2370; x_wconf 82' lang='lat' dir='ltr'>debebat,</span> <span class='ocrx_word' id='word_1_238' title='bbox 1493 2334 1594 2371; x_wconf 83' lang='lat' dir='ltr'>cum,</span> <span class='ocrx_word' id='word_1_239' title='bbox 1625 2321 1730 2373; x_wconf 92' lang='lat' dir='ltr'>quod</span> 
     </span>
     <span class='ocr_line' id='line_1_32' title="bbox 295 2385 1730 2439; baseline -0.003 -12"><span class='ocrx_word' id='word_1_240' title='bbox 295 2388 468 2427; x_wconf 89' lang='lat' dir='ltr'>Koehler</span> <span class='ocrx_word' id='word_1_241' title='bbox 494 2387 579 2439; x_wconf 93' lang='lat' dir='ltr'>ipse</span> <span class='ocrx_word' id='word_1_242' title='bbox 610 2387 944 2435; x_wconf 79' lang='lat' dir='ltr'>commemoravit,</span> <span class='ocrx_word' id='word_1_243' title='bbox 980 2386 1085 2426; x_wconf 91' lang='lat' dir='ltr'>idem</span> <span class='ocrx_word' id='word_1_244' title='bbox 1115 2386 1246 2425; x_wconf 83' lang='lat' dir='ltr'>valeat</span> <span class='ocrx_word' id='word_1_245' title='bbox 1274 2390 1392 2437; x_wconf 88' lang='lat' dir='ltr'>atque</span> <span class='ocrx_word' id='word_1_246' title='bbox 1427 2386 1547 2426; x_wconf 88' lang='lat' dir='ltr'>verba</span> <span class='ocrx_word' id='word_1_247' title='bbox 1582 2385 1730 2425; x_wconf 77' lang='lat' dir='ltr'>circum</span> 
     </span>
     <span class='ocr_line' id='line_1_33' title="bbox 293 2452 934 2491; baseline 0.003 -2"><span class='ocrx_word' id='word_1_248' title='bbox 293 2455 493 2490; x_wconf 80' lang='lat' dir='ltr'>staremus</span> <span class='ocrx_word' id='word_1_249' title='bbox 522 2454 561 2491; x_wconf 91' lang='lat' dir='ltr'>in</span> <span class='ocrx_word' id='word_1_250' title='bbox 592 2452 624 2491; x_wconf 93' lang='lat' dir='ltr'>O</span> <span class='ocrx_word' id='word_1_251' title='bbox 654 2458 693 2491; x_wconf 91' lang='lat' dir='ltr'>et</span> <span class='ocrx_word' id='word_1_252' title='bbox 724 2467 747 2490; x_wconf 90' lang='lat' dir='ltr'>v</span> <span class='ocrx_word' id='word_1_253' title='bbox 776 2452 934 2491; x_wconf 87' lang='lat' dir='ltr'>tradita.</span> 
     </span>
    </p>
   </div>
   <div class='ocr_carea' id='block_1_8' title="bbox 294 2528 1730 2645">
    <p class='ocr_par' dir='ltr' id='par_1_8' title="bbox 294 2528 1730 2645">
     <span class='ocr_line' id='line_1_34' title="bbox 404 2528 1730 2581; baseline -0.002 -13"><span class='ocrx_word' id='word_1_254' title='bbox 404 2530 518 2576; x_wconf 84' lang='lat' dir='ltr'>Quod</span> <span class='ocrx_word' id='word_1_255' title='bbox 548 2535 680 2568; x_wconf 88' lang='lat' dir='ltr'>autem</span> <span class='ocrx_word' id='word_1_256' title='bbox 708 2529 880 2581; x_wconf 87' lang='lat' dir='ltr'>pertinet</span> <span class='ocrx_word' id='word_1_257' title='bbox 908 2530 959 2568; x_wconf 88' lang='lat' dir='ltr'>ad</span> <span class='ocrx_word' id='word_1_258' title='bbox 988 2543 1144 2568; x_wconf 87' lang='lat' dir='ltr'>versum</span> <span class='ocrx_word' id='word_1_259' title='bbox 1175 2529 1211 2567; x_wconf 92' lang='grc' dir='ltr'>ΙΙ</span> <span class='ocrx_word' id='word_1_260' title='bbox 1248 2530 1378 2578; x_wconf 60' lang='lat'>1327,</span> <span class='ocrx_word' id='word_1_261' title='bbox 1408 2528 1526 2568; x_wconf 88' lang='lat' dir='ltr'>lectio</span> <span class='ocrx_word' id='word_1_262' title='bbox 1554 2529 1730 2567; x_wconf 89' lang='lat' dir='ltr'>Lusatici</span> 
     </span>
     <span class='ocr_line' id='line_1_35' title="bbox 294 2593 1730 2645; baseline -0.001 -12"><span class='ocrx_word' id='word_1_263' title='bbox 294 2608 370 2633; x_wconf 92' lang='lat' dir='ltr'>non</span> <span class='ocrx_word' id='word_1_264' title='bbox 403 2595 535 2645; x_wconf 88' lang='lat' dir='ltr'>dubia,</span> <span class='ocrx_word' id='word_1_265' title='bbox 567 2595 636 2633; x_wconf 90' lang='lat' dir='ltr'>sed</span> <span class='ocrx_word' id='word_1_266' title='bbox 666 2595 765 2634; x_wconf 86' lang='lat' dir='ltr'>falsa</span> <span class='ocrx_word' id='word_1_267' title='bbox 794 2594 1033 2634; x_wconf 86' lang='lat' dir='ltr'>nominanda</span> <span class='ocrx_word' id='word_1_268' title='bbox 1053 2600 1125 2633; x_wconf 89' lang='lat' dir='ltr'>est.</span> <span class='ocrx_word' id='word_1_269' title='bbox 1174 2594 1311 2633; x_wconf 84' lang='lat' dir='ltr'>Futuri</span> <span class='ocrx_word' id='word_1_270' title='bbox 1341 2594 1445 2633; x_wconf 93' lang='lat' dir='ltr'>enim</span> <span class='ocrx_word' id='word_1_271' title='bbox 1473 2593 1730 2633; x_wconf 87' lang='lat' dir='ltr'>indicativum</span> 
     </span>
    </p>
   </div>
  </div>
 </body>
</html>
