1980 3090
869 225 1111 266 ..24-

1565 323 1576 346 t

379 355 444 394 VI.
468 356 504 396 2.
522 354 690 394 iuvenca
709 355 748 403 (c
769 366 820 393 ex
840 353 872 406 t)
903 356 939 394 3.
958 355 1057 394 Cera
1076 355 1289 408 philippeis
1310 360 1435 395 certet
1464 358 1500 394 4.
1518 369 1706 440 θγῑῖἓθεῑε

268 455 304 492 5.
326 452 454 492 thuris
484 451 585 491 Post
612 464 667 491 vs.
690 452 755 492 10.
785 451 1041 491 intervallum
1073 453 1198 492 unius
1227 465 1366 492 versus
1410 455 1470 493 11.
1492 449 1706 493 referemus

271 520 332 558 14.
363 520 509 570 iupiter
555 521 616 559 15.
638 519 774 558 littora
819 520 881 558 17.
903 520 1031 558 uileae
1080 522 1143 560 20.
1166 520 1251 559 avis
1280 519 1357 572 (vis
1386 518 1430 558 in
1458 531 1552 568 ras„
1582 521 1705 557 totum

266 583 429 621 verbum
459 596 509 622 ex
542 584 699 636 aquis‘?)
771 586 834 626 22.
865 584 1035 624 feminea
1106 587 1169 625 25.
1200 585 1338 636 aciem,
1373 584 1504 624 nervis
1538 583 1598 634 (in
1628 595 1706 633 my.

266 663 408 689 nereus
429 651 503 702 m2)
532 650 595 690 26.
616 651 827 689 Armorum
857 652 895 688 et
925 652 989 691 28.
1010 651 1117 689 unda
1137 652 1280 690 nothos
1316 652 1380 691 32.
1400 651 1481 689 Aut
1511 651 1574 689 33.
1596 650 1707 689 vultu

269 738 332 775 34.
363 737 599 788 Egissetque
658 738 720 775 35.
752 714 929 788 pgrthona
986 739 1050 777 36.
1081 752 1197 788 quem
1233 738 1398 777 timuere
1456 739 1518 776 39.
1550 741 1619 775 tua
1648 743 1707 824 eset

267 835 332 874 40.
353 834 527 873 humeris
558 836 622 874 45.
640 835 702 884 Et,
723 849 847 887 prope
868 833 924 887 (p
931 834 1000 875 alt
1018 836 1108 874 exb
1125 848 1163 873 m
1171 837 1206 888 2)
1236 838 1300 875 49.
1322 850 1473 888 prore(2
1475 856 1485 887 )
1506 805 1708 875 centaurica

266 932 427 971 minatis
477 934 540 974 52.
571 933 682 972 iuxta
726 934 789 972 54.
811 933 907 973 uilia
952 933 1317 1017 57.phe(lg)ipe(1{as
1362 935 1426 973 60.
1457 938 1517 973 θεῖ
1558 934 1621 972 65.
1642 932 1708 971 Dii

268 1032 332 1068 66.
363 1032 521 1081 iugurta
578 1032 642 1069 67.
679 1031 859 1080 Hactius,
895 1032 1049 1082 phebus
1108 1033 1170 1069 69.
1210 1032 1414 1081 cytharam
1471 1033 1533 1069 71
1573 997 1708 1070 Camila

268 1097 332 1133 74.
362 1095 517 1146 Perque
554 1096 617 1134 75.
648 1096 789 1147 positis
819 1098 946 1135 irritet
983 1099 1045 1135 76.
1077 1097 1206 1149 phebo
1241 1097 1305 1134 78.
1329 1095 1527 1147 Cephean,
1558 1095 1707 1135 meroin

268 1184 332 1220 81.
364 1182 507 1233 aliquis
566 1184 629 1223 82.
660 1184 827 1234 trophea
884 1185 947 1222 85.
980 1149 1193 1222 carmina&

530 1246 659 1286 Unius
688 1260 827 1286 versus
855 1247 1129 1296 intervallum,
1160 1247 1304 1287 titulus
1333 1249 1451 1286 deest.

376 1324 461 1363 VH.
501 1327 537 1365 2.
570 1325 747 1365 evinctos
805 1328 841 1365 3.
873 1326 937 1365 via
968 1331 1038 1376 est,
1069 1327 1221 1365 fulchro
1281 1329 1315 1365 7.
1347 1326 1525 1375 hosdem,
1555 1325 1708 1377 capillis

267 1392 303 1429 8.
335 1391 501 1430 hosdem
545 1393 580 1430 9.
613 1392 790 1443 beryllon
822 1393 864 1443 (y
885 1404 933 1430 θῶ
954 1394 965 1430 i
987 1392 1062 1444 m2)
1109 1394 1168 1431 10.
1201 1393 1327 1431 leteus
1374 1393 1435 1431 15.
1467 1391 1707 1439 exciderant,

266 1488 454 1540 subfireffl)
510 1490 571 1528 19.
603 1490 777 1529 comixta
812 1495 872 1529 est
929 1492 992 1529 20.
1023 1491 1200 1542 trepidas
1258 1492 1321 1531 22.
1352 1489 1464 1529 nothi
1523 1490 1585 1529 25.
1616 1489 1709 1536 fissa

267 1555 331 1592 28.
376 1554 578 1593 lachrimis
664 1556 728 1593 33.
773 1555 980 1606 iacynthos
1067 1557 1130 1594 37.
1175 1556 1267 1604 Aut,
1313 1554 1517 1604 archanas,
1562 1553 1709 1593 salinas

268 1620 333 1658 39.
362 1620 543 1671 inspecta
572 1625 644 1670 est,
674 1620 835 1672 publica
879 1623 943 1661 42.
964 1636 1052 1660 mea
1082 1626 1142 1660 est
1186 1623 1250 1661 45.
1271 1621 1395 1660 lalace
1439 1622 1502 1658 46.
1525 1619 1710 1671 quoniam

269 1689 329 1723 est
386 1686 451 1723 48.
481 1685 633 1723 Ardent
691 1687 754 1723 55.
785 1686 942 1737 gemina
978 1691 1038 1724 est
1097 1688 1160 1725 57.
1198 1686 1446 1737 clytemestre
1504 1686 1565 1724 59.
1596 1689 1709 1736 parta

267 1749 392 1788 faselo
451 1751 515 1788 61.
547 1764 689 1801 querar
718 1750 756 1800 (r
786 1750 854 1788 alt.
886 1763 938 1788 ex
966 1754 999 1797 t)
1035 1758 1076 1789 ut
1106 1751 1212 1790 unda
1252 1751 1409 1800 cybeles
1467 1751 1529 1789 62.
1560 1750 1709 1800 Mytra-

267 1813 397 1866 tisque
429 1814 472 1866 (y
494 1826 543 1852 ex
562 1814 574 1853 i
595 1815 671 1868 m2)
702 1817 764 1854 63.
787 1816 1127 1868 Andromedeque,
1158 1817 1429 1868 hypermestre
1463 1816 1527 1854 64.
1548 1819 1710 1867 pectora

268 1882 331 1919 65.
375 1895 528 1919 summa
567 1882 751 1930 aeternis,
795 1882 972 1921 cathenis
1031 1884 1094 1920 69.
1137 1882 1337 1921 lachrimis
1394 1883 1458 1919 73.
1501 1881 1709 1931 desyderet

266 1965 308 2019 (y
338 1978 389 2006 ex
417 1969 429 2006 i
460 1967 535 2021 m2)
595 1969 657 2008 74.
689 1968 818 2020 potuit
875 1971 940 2008 75.
973 1969 1234 2021 Delitiaeque,
1270 1984 1344 2009 usu
1373 1973 1433 2008 est
1489 1969 1554 2007 80.
1585 1939 1708 2014 Molli,

266 2033 405 2084 alligat
432 2035 509 2110 a81.
540 2034 723 2073 Ramosis
754 2035 845 2073 anio
876 2032 932 2085 (ni
963 2046 1014 2071 ex
1043 2035 1112 2084 m),
1143 2034 1311 2086 pomifer
1349 2034 1412 2073 85.
1444 2033 1523 2073 Sed
1552 2033 1710 2072 tiburna

266 2121 370 2159 iacet
401 2120 466 2160 hie
524 2122 588 2160 86.
620 2122 759 2160 aniene
791 2123 827 2171 (θ
851 2134 919 2170 pr.
950 2121 993 2159 in
1026 2134 1103 2161 ras.
1134 2124 1206 2174 m2)
1276 2123 1339 2159 89.
1376 2121 1534 2160 umbras
1570 2121 1632 2168 (br
1666 2119 1710 2157 in

266 2187 366 2234 ras.)
425 2187 488 2225 91.
519 2186 663 2264 lethea}

530 2240 666 2322 Unizis)
688 2296 829 2322 versus
857 2284 1134 2331 interstitium,
1164 2284 1310 2322 titulus
1338 2285 1457 2322 deest.

375 2381 485 2421 VIII.
536 2383 568 2421 1.
601 2382 795 2435 exquilias
847 2384 883 2421 5.
915 2382 1101 2434 arripitur
1151 2384 1213 2421 15.
1243 2348 1385 2421 {uecta
1414 2386 1485 2430 est,
1517 2382 1566 2420 ab
1596 2380 1709 2419 annis

269 2448 329 2486 19.
352 2447 526 2487 archana
562 2449 624 2489 21.
648 2447 900 2500 Spectaclum
931 2450 967 2496 (e
994 2446 1039 2486 in
1065 2459 1159 2496 ras„
1187 2448 1223 2487 cl
1242 2446 1333 2497 fort.
1357 2459 1406 2485 ex
1425 2446 1469 2498 d)
1506 2447 1570 2488 22.
1600 2445 1709 2486 iocos

266 2514 330 2555 23.
362 2513 405 2553 Si
425 2513 603 2566 riganam
623 2520 731 2553 tacto
752 2514 889 2563 volsci,
920 2517 1055 2566 nepoti
1104 2516 1167 2554 24.
1199 2515 1350 2553 melosa
1380 2516 1420 2561 (o
1434 2525 1501 2561 pr.
1524 2525 1573 2550 ex
1593 2527 1617 2551 a
1636 2512 1709 2564 m2)

266 2580 329 2618 28.
374 2580 568 2618 Mulctato
611 2579 749 2629 voluit,
794 2580 909 2619 thoro
953 2586 1019 2629 (ex
1053 2585 1121 2619 tuo
1157 2580 1242 2632 m2)
1285 2579 1381 2621 Post
1409 2593 1466 2618 vs.
1499 2580 1562 2619 28.
1593 2577 1708 2617 unius
