1980 3090
844 233 1083 274 ,29-

249 361 428 401 XXXIV
457 364 520 401 43.
551 364 663 400 torno
692 362 906 415 UNF2V2
1029 365 1148 401 turno
1177 363 1343 415 F1DV1
1405 360 1510 400 trino
1540 362 1572 399 L

305 428 367 467 54.
397 426 571 475 flumina
598 428 651 479 U1
669 428 704 466 N
1028 427 1206 477 fulmina
1236 428 1267 468 Ο
1284 428 1338 481 U2

356 504 563 543 Accedunt
590 504 808 555 permultae
836 504 1037 554 lectiones,
1074 518 1174 556 quae
1203 509 1243 543 et
1272 506 1311 543 in
1341 504 1429 543 UN
1459 508 1499 542 et
1526 503 1567 541 in
1602 516 1680 541 uno

248 569 311 607 vel
332 567 596 620 compluribus
618 573 836 608 ceterorum
855 569 1042 608 librorum
1062 574 1230 618 exstant⁷
1261 569 1317 608 ita
1346 574 1390 608 ut
1409 568 1572 608 dubium
1593 581 1680 607 esse

248 645 326 673 non
354 633 492 685 possit,
524 633 617 685 quin
645 633 703 672 illi
733 634 888 674 codices
917 635 1114 674 artissima
1142 634 1485 688 consanguinitate
1515 634 1618 673 inter
1638 647 1680 672 se

250 699 449 739 coniuncti
478 700 568 739 sint.

357 765 417 804 Ex
438 766 630 816 omnibus,
652 780 750 819 quos
771 767 896 817 attuli,
921 767 1018 807 locis
1037 768 1204 807 fortasse
1225 768 1463 807 concluserit
1482 765 1679 818 quispiam

249 831 426 870 codicem
445 832 678 871 Urbinatem
708 846 756 871 ex
786 833 869 871 solo
897 833 1157 884 Neapolitano
1188 846 1274 872 esse
1304 832 1556 884 descriptum.
1599 831 1678 871 Sed

248 896 364 936 facile
398 911 544 947 eorum,
581 897 647 949 qui
681 899 738 937 ita
771 897 957 947 iudicant,
993 897 1189 937 sententia
1216 897 1377 937 refutari
1411 901 1554 949 potest.
1613 897 1677 935 In-

249 962 426 1001 venimus
457 962 620 1001 enimin
640 963 677 1002 U
705 963 848 1001 multas
877 963 1064 1002 lectiones
1095 977 1119 1002 a
1137 977 1206 1015 ml,
1237 977 1315 1001 non
1335 963 1384 1002 ab
1415 963 1540 1001 altera
1558 976 1677 1001 manu

250 1027 429 1078 scriptas,
466 1042 566 1079 quae
594 1029 702 1067 nullo
732 1028 849 1067 modo
878 1029 1065 1080 explicari
1093 1033 1271 1081 possunt,
1303 1028 1336 1066 si
1365 1028 1598 1067 Urbinatem
1627 1041 1675 1066 ex

248 1093 334 1145 ipso
354 1094 615 1144 Neapolitano
635 1093 797 1133 fluxisse
817 1094 1060 1133 arbitramur.
1115 1094 1171 1132 Cf.
1193 1094 1273 1132 tab.
1294 1093 1344 1142 ΙΙ,
1367 1106 1467 1144 quae
1487 1092 1675 1143 sequitur.

358 1180 606 1220 Dissentiunt
634 1180 737 1219 inter
766 1194 808 1219 se
837 1181 872 1219 U
902 1185 940 1219 et
967 1181 1002 1219 N
1030 1180 1092 1219 his
1122 1180 1236 1219 locis:

534 1313 537 1316 ι
588 1277 623 1316 U
835 1267 884 1304 In
913 1266 1034 1305 libro
1063 1267 1093 1305 I.
1335 1277 1371 1314 N

249 1344 325 1383 XV
358 1345 392 1382 1.
422 1342 495 1381 hac
525 1343 556 1382 Ο
1023 1341 1090 1391 fac

333 1412 368 1447 7.
399 1408 479 1447 eois
508 1409 582 1447 DV
1027 1409 1062 1445 et
1090 1405 1195 1445 chois
1224 1408 1260 1446 N
1320 1398 1347 1444 Ϊι
1376 1405 1483 1445 chais
1510 1408 1546 1446 A

1089 1472 1157 1512 hec
1187 1472 1302 1522 ehoys
1331 1473 1361 1512 F

249 1551 380 1589 XVIII
413 1552 473 1589 18.
506 1549 623 1588 nulla
651 1550 739 1588 DV
1026 1548 1114 1586 ulla
1141 1550 1223 1588 AF

249 1616 329 1655 XX
350 1618 386 1656 4.
411 1614 562 1654 minius
575 1615 697 1668 AFV1
720 1613 886 1667 (nimius
901 1612 970 1667 V2)
1024 1612 1163 1652 mimis
1191 1614 1227 1653 N
1283 1612 1475 1652 minimus
1503 1613 1538 1652 D

305 1683 367 1721 24.
397 1680 522 1729 fontis
552 1681 583 1720 Ο
1026 1678 1173 1727 frontis

304 1748 367 1785 33.
397 1745 470 1784 sub
500 1744 642 1784 vertice
670 1745 701 1785 O
1026 1742 1237 1782 subvertite

249 1812 380 1850 XXII.
392 1809 971 1862 NovaelegiaincipitinUetO
1027 1809 1215 1847 adhaeret
1243 1808 1365 1859 priori
1393 1808 1434 1865 in
1463 1808 1509 1846 N.

564 1958 567 1960 ι
822 1911 873 1949 In
900 1910 1020 1949 libro
1048 1909 1098 1948 ΙΙ.

249 1987 267 2024 Ι
297 1988 360 2026 31.
391 1988 542 2024 tractus
571 1986 658 2024 DV
1028 1987 1221 2023 attractus
1249 1986 1334 2023 AN
1372 1986 1617 2022 atractactus
1645 1985 1676 2022 F

305 2052 367 2090 63.
398 2062 534 2100 mysus
561 2051 598 2090 U
612 2052 649 2090 A
664 2051 699 2090 D
714 2051 769 2104 V2
1025 2048 1174 2089 missus
1202 2050 1251 2102 F2

398 2114 542 2165 (misus
570 2116 616 2167 F1
626 2114 698 2167 Vl)

305 2181 367 2219 78.
398 2180 588 2220 adhaeret
607 2180 800 2232 prioribus
825 2180 865 2219 in
886 2180 921 2219 U
937 2179 967 2219 O
1023 2193 1126 2219 nova
1155 2179 1282 2231 elegia
1311 2178 1351 2217 in
1379 2178 1416 2218 N

247 2246 287 2284 Π
316 2248 352 2284 4.
382 2244 496 2294 furta
526 2245 557 2284 Ο
851 2255 854 2258 ’
1024 2243 1114 2292 fata

248 2311 307 2350 III
336 2312 372 2350 9.
399 2309 642 2361 quam(n)vis
672 2311 703 2351 O
848 2320 852 2324 ’
1025 2307 1166 2358 quavis

306 2378 366 2416 12.
398 2378 544 2414 natant
573 2376 604 2414 Ο
1028 2376 1167 2412 natent
1635 2418 1637 2420 Ι

304 2443 366 2483 23.
398 2454 496 2480 num
525 2443 556 2481 F
654 2433 658 2436 .
817 2468 819 2471 -
1027 2452 1105 2479 non
1123 2440 1160 2480 N
1188 2453 1297 2479 nunc
1317 2441 1391 2480 DV
1411 2438 1470 2492 (in
1490 2440 1527 2480 V
1547 2452 1567 2479 c
1587 2455 1675 2492 exp.

859 2517 863 2521 “
1081 2520 1105 2545 a
1132 2504 1212 2559 ¹¹¹2)
1600 2520 1609 2532 ’

304 2575 369 2614 25.
400 2571 470 2610 tibi
498 2573 529 2612 O
811 2588 813 2590 ¹
1027 2585 1103 2610 om.
1132 2572 1169 2610 N
