1980 3090
857 250 1101 287 —54-

270 381 383 426 Quod
413 380 585 431 pertinet
614 381 664 418 ad
693 380 829 418 titulos
859 380 1023 432 singulis
1050 379 1187 431 elegiis
1207 379 1415 431 praefixos,
1447 380 1701 431 archetypum

266 445 588 498 inscriptionibus
618 445 793 485 caruisse
822 459 976 487 censeo.
1034 445 1135 484 Puto
1171 444 1288 494 enim,
1330 445 1435 496 quod
1469 444 1548 484 iam
1583 458 1700 496 supra

267 511 362 560 dixi,
392 511 596 549 librarium
615 510 879 562 Neapolitani,
911 512 1045 562 siquos
1071 510 1111 548 in
1131 509 1347 561 exemplari
1367 510 1503 548 titulos
1524 509 1700 557 vidisset,

267 591 334 616 eos
378 577 416 615 in
461 581 611 615 textum
654 581 903 628 recepturum
945 576 1079 616 fuisse.
1148 575 1277 622 Quare
1320 588 1399 614 non
1442 589 1573 615 meum
1592 588 1701 614 :esse

267 643 436 681 arbitror
465 642 513 681 de
541 641 603 680 his
633 641 782 681 codicis
812 642 848 681 U
876 641 1212 693 inscriptionibus,
1249 654 1349 692 quae
1379 640 1617 689 dissentiunt
1651 640 1700 679 ab

268 707 299 746 Ο
316 713 383 746 aut
400 708 558 747 omnino
573 706 614 746 in
631 707 662 746 O
680 707 1068 759 desunt„disputare,
1088 706 1322 759 praesertim
1339 720 1426 746 cum
1443 705 1699 755 differentiae,

267 787 367 824 quae
415 778 585 822 exstant,
626 772 812 812 minimae
855 775 945 812 sint.
1017 773 1076 811 De
1118 773 1234 812 bonis
1279 776 1410 811 autem
1451 771 1699 821 lectionibus,

267 852 363 889 quas
393 839 557 889 praebet
585 838 756 877 Urbinas
787 839 905 887 solus,
935 852 1063 889 pauca
1091 837 1233 877 dicam.
1292 837 1477 890 Legimus
1507 837 1623 886 enim,
1658 843 1701 878 ut

266 904 441 955 singulos
485 903 678 943 eiusmodi
720 904 829 942 locos
872 903 1140 955 inspiciamus,
1193 903 1231 942 in
1278 903 1294 942 I
1330 904 1393 953 3‚7
1438 903 1478 941 in
1519 903 1631 943 codd.
1669 902 1700 942 Ο

264 980 440 1018 sperare,
472 970 582 1007 cuius
609 968 719 1007 verbi
739 982 840 1020 quae
870 968 922 1007 sit
941 968 1138 1008 sententia
1156 968 1334 1020 intellegi
1358 970 1507 1019 nequit,
1538 968 1573 1006 U
1593 972 1699 1007 recte

265 1035 429 1085 praebet
456 1032 627 1082 spirare.
665 1034 744 1073 Sed
765 1048 853 1073 cum
881 1035 980 1074 haec
1009 1034 1146 1073 eadem
1176 1034 1295 1073 lectio
1318 1038 1447 1073 exstet
1474 1034 1513 1072 in
1534 1033 1700 1085 F2V2N2

264 1112 342 1150 mg,
387 1099 437 1138 ad
477 1098 710 1138 Urbinatem
753 1099 818 1139 hic
860 1113 938 1138 non
968 1099 1273 1152 confugiendum
1318 1103 1390 1138 est.
1454 1098 1554 1137 Tum
1594 1098 1700 1150 quod

265 1166 408 1203 attinet
432 1165 483 1203 ad
503 1179 559 1203 vs.
581 1165 600 1203 I
621 1166 753 1214 20,13,
784 1166 851 1203 ubi
871 1165 911 1203 in
938 1165 969 1204 O
998 1165 1143 1216 legitur
1170 1163 1255 1202 sint
1282 1163 1377 1202 duri
1404 1165 1504 1203 falso
1535 1163 1698 1212 scilicet,

267 1231 304 1266 in
328 1229 518 1268 Urbinate
537 1228 591 1267 sit
610 1229 761 1267 durum
779 1236 898 1281 recte,
929 1230 1006 1269 iam
1036 1230 1075 1268 in
1106 1229 1241 1268 codice
1262 1230 1297 1267 V
1316 1229 1460 1268 bonam
1488 1229 1698 1268 lectionem

265 1294 488 1334 restitutam
522 1295 701 1334 videmus
728 1296 793 1335 ¹ab
829 1296 954 1335 altera
987 1309 1117 1345 manu,
1163 1309 1263 1347 quae
1305 1294 1424 1334 etiam
1461 1294 1501 1334 in
1535 1294 1571 1334 II
1606 1296 1698 1344 33‚4

267 1366 373 1399 recte
418 1361 588 1400 correxit
630 1360 774 1399 inacus
816 1361 855 1400 in
897 1360 1066 1410 machis,
1109 1361 1214 1413 quod
1256 1361 1447 1412 praebent
1485 1361 1535 1414 F2
1571 1367 1611 1401 et
1644 1362 1697 1410 U;

265 1426 481 1478 eademque
525 1427 563 1465 in
604 1426 639 1465 II
674 1428 794 1476 34,59
842 1426 881 1465 in
921 1441 988 1479 mg
1024 1426 1188 1478 scripsit
1226 1424 1433 1476 hesternis,
1478 1441 1578 1478 quae
1621 1441 1698 1466 vox

264 1490 304 1528 in
333 1491 381 1540 U,
418 1504 496 1529 non
530 1491 570 1529 in
601 1491 633 1530 O
663 1491 871 1541 invenitur,
914 1496 953 1530 et
987 1491 1027 1530 in
1056 1491 1092 1530 II
1122 1492 1241 1541 34‚29
1284 1491 1449 1531 eandem
1489 1492 1698 1531 lectionem

263 1558 389 1595 textui
420 1556 597 1606 inseruit,
628 1571 729 1608 quae
754 1557 794 1595 in
813 1557 1007 1597 Urbinate
1027 1558 1211 1606 occurrit,
1242 1556 1420 1597 erecthez'.
1469 1557 1552 1596 Illis
1579 1557 1699 1609 igitur

264 1621 361 1659 locis
391 1621 489 1659 nihil
517 1635 565 1660 ex
596 1622 632 1660 U
662 1621 753 1660 novi
783 1622 1036 1673 depromitur,
1069 1628 1111 1662 ut
1138 1624 1195 1662 ita
1225 1623 1367 1673 dicam,
1399 1636 1486 1661 cum
1506 1622 1696 1661 lectiones

264 1687 341 1724 iam
362 1686 520 1726 aliunde
540 1686 655 1726 nobis
675 1692 793 1726 notae
813 1686 915 1731 sint„
947 1688 1114 1727 Restant
1133 1688 1208 1727 hae
1227 1688 1355 1728 bonae
1375 1688 1577 1739 lectiones,
1599 1702 1697 1741 quas

262 1765 389 1802 neque
418 1754 569 1803 priores
599 1766 726 1804 neque
755 1753 994 1793 recentiores
1025 1754 1204 1793 codicum
1225 1754 1257 1793 Ο
1283 1768 1422 1793 manus
1447 1760 1695 1807 receperunt:

265 1828 454 1876 1125‚18.
485 1828 685 1867 immerita
714 1830 750 1868 U
1048 1829 1092 1868 in
1120 1829 1264 1868 merita
1293 1831 1325 1870 O

264 1893 318 1931 ΙΙΙ
349 1896 384 1942 6,
416 1895 453 1932 3.
483 1906 581 1931 num
1049 1895 1144 1933 dum
1175 1896 1207 1935 O
1266 1908 1344 1934 non
1373 1897 1409 1935 N

346 1960 450 2006 5›,10.
482 1957 674 1997 (thalamis
1048 1960 1230 2005 calamus
1260 1962 1291 2000 Ο

390 2025 451 2061 14.
482 2023 538 2060 At
1048 2026 1114 2063 Ad
1143 2027 1175 2065 O

323 2089 453 2137 16,14.
485 2088 582 2126 adeo
1051 2090 1119 2129 deo
1148 2091 1181 2131 Ο

265 2165 319 2202 IV
353 2165 482 2211 1‚141.
513 2177 603 2202 cum
631 2163 762 2212 fixum
1048 2166 1250 2214 confixum
1280 2168 1312 2207 Ο

347 2232 450 2280 7‚80.
482 2229 628 2269 Mollia
1048 2231 1166 2271 Molli
1195 2232 1227 2272 Ο

343 2298 448 2345 9,34.
480 2295 580 2334 viris
1048 2297 1123 2336 viis
1154 2298 1185 2337 Ο

321 2397 449 2444 11,14.
482 2369 672 2446 labatur
1050 2397 1207 2446 leyatur
1237 2398 1269 2436 O

370 2473 472 2511 Num
503 2487 550 2511 ex
580 2474 641 2512 his
671 2488 794 2513 novas
824 2489 886 2514 res
915 2475 1116 2524 discimus,
1149 2474 1291 2526 quibus
1321 2479 1452 2515 textus
1481 2476 1521 2514 in
1552 2476 1700 2515 ceteris-

261 2537 463 2576 codicibus
493 2539 661 2577 traditus
696 2539 872 2578 funditus
911 2540 1135 2579 evertatur?
1192 2539 1300 2578 Nihil
1335 2540 1697 2592 quidem‚Urbinas

260 2603 450 2653 praebere
469 2604 565 2642 mihi
586 2604 753 2655 videtur,
784 2606 890 2657 quod
918 2606 1051 2659 magni
1076 2606 1266 2646 momenti
1292 2606 1356 2656 sit,
1387 2607 1456 2646 sed
1476 2621 1700 2658 perpaucas-
