1980 3090
855 238 1097 275 „71—

258 366 492 419 exemplaris
522 366 574 415 X,
615 370 824 417 postquam
851 366 1101 418 Neapolitani
1138 366 1321 405 librarius
1362 379 1411 404 ex
1451 378 1497 404 eo
1538 363 1684 412 hausit,

257 432 472 472 identidem
505 435 699 470 mutatum
733 444 819 470 esse
853 431 1145 471 existimemus?
1200 432 1301 476 Nam
1341 432 1418 470 hoo
1452 444 1531 470 uno
1565 429 1683 468 modo

259 495 446 548 explicari
473 499 617 547 potest,
648 495 775 534 curin
794 496 831 535 U
851 497 921 535 etl
950 496 1036 536 aliis
1064 496 1161 536 locis
1192 497 1365 545 eaedem,
1395 494 1485 534 aliis
1504 494 1685 534 diversae

257 561 447 602 lectiones
480 560 740 600 inveniantur.
798 561 938 601 Omnia
964 561 1096 615 igitur,
1135 576 1235 614 quae
1265 567 1304 601 et
1331 561 1372 601 in
1400 561 1437 600 N
1467 566 1507 600 et
1534 560 1576 599 in
1604 560 1642 599 U
1672 560 1685 598 l

258 628 453 681 leguntur,
468 626 602 666 iamin
617 627 753 667 codice
768 628 808 667 X
822 627 994 677 fuerunt;
1016 643 1074 680 ea,
1096 643 1196 681 quae
1211 633 1251 668 et
1264 628 1302 668 U
1318 629 1385 668 etl
1401 626 1683 667 dissentientes

258 709 283 733 a
310 692 611 745 Neapolitan01)
640 693 840 744 praebent,
872 708 920 733 ex
948 695 1017 747 X2,
1047 694 1071 734 i.
1094 708 1127 734 e.
1149 709 1198 733 ex
1224 695 1264 733 X
1293 694 1463 745 primum
1491 697 1684 741 correcto,

258 760 401 798 hausta
442 762 544 798 sunt.
601 758 752 798 Deinde
795 760 919 799 codex
952 760 1009 813 X²
1051 774 1075 800 a
1114 764 1334 799 correctore
1377 759 1548 811 quodam
1592 756 1685 810 (X3)

258 829 493 864 retractatus
522 840 546 864 a
573 825 734 865 librario
754 825 957 865 Urbinatis
986 825 1205 877 descriptus
1235 830 1306 873 est,
1337 825 1529 876 simulque
1558 838 1607 863 ex
1626 823 1685 876 X2

259 890 359 928 alter
388 890 511 928 codex
539 890 696 941 prodiit,
730 890 771 929 in
800 904 915 941 quem
949 891 1106 929 aliunde
1135 904 1205 929 eae
1237 889 1439 939 lectiones,
1475 903 1576 941 quae
1604 902 1683 927 non

261 959 351 993 sunt
380 955 419 993 in
439 956 488 1005 U,
517 958 774 1007 irrepserunt3
803 956 907 995 hunc
926 961 1056 995 autem
1085 956 1227 995 librum
1247 956 1271 993 λ
1290 955 1336 1004 is,
1367 954 1434 1006 qui
1453 954 1684 993 Lusatieum

260 1020 449 1070 exaravit,
479 1021 673 1060 adhibuit:

649 1096 689 1135 X

371 1978 543 2017 Afleram
585 1991 723 2028 pauca,
767 1976 908 2028 quibus
949 1976 1046 2014 haec
1085 1976 1281 2014 sententia
1321 1974 1582 2013 confirmetur.
1641 1975 1686 2014 In

265 2057 378 2082 versu
408 2042 511 2081 enim
539 2042 600 2081 III
631 2043 720 2091 139
749 2040 933 2094 legimus:

647 2117 995 2167 pulyledamantes
1023 2116 1063 2154 in
1090 2116 1116 2164 l⁷

646 2215 1000 2267 pulybssdamantps
1028 2214 1067 2254 in
1096 2214 1163 2266 U1⁷

568 2310 570 2312 v
647 2280 978 2332 poliledamantes
1005 2280 1044 2319 in
1073 2279 1120 2329 N,

648 2347 980 2398 pfflisppdamates
1010 2347 1049 2385 in
1078 2347 1121 2395 F,

264 2416 403 2454 Nonne
422 2416 610 2454 lectiones
625 2414 801 2454 Lusatici
821 2419 861 2453 et
874 2413 1075 2453 Urbinatis
1091 2425 1139 2450 ex
1159 2412 1297 2450 eodem
1315 2411 1417 2450 libro
1435 2411 1493 2464 X2
1509 2416 1691 2463 sumptae

266 2495 351 2520 esse
383 2480 586 2520 videntur?
642 2481 686 2519 In
716 2481 729 2519 l
758 2486 889 2520 autem
918 2479 1014 2518 illud
1035 2476 1386 2527 pulyledamantes
1415 2476 1612 2530 integrum
1642 2491 1690 2516 ex

374 2600 406 2641 1)
431 2600 475 2634 cf.
491 2599 570 2657 jab.
589 2599 645 2633 lx.
