1980 3090
823 209 1013 266 >467
1057 215 1149 263 -ss

377 357 528 397 Deinde
573 355 628 396 ex‘
672 356 762 407 illis,
812 357 938 410 quaest
958 358 1156 411 proposui,
1213 357 1403 411 exemplis
1451 357 1526 396 hoc
1578 356 1694 405 idem,
1730 371 1732 373 “

242 415 375 476 Υ(Ῑίισᾶ
417 426 495 462 iam
526 437 655 474 ⁴supra
694 420 971 480 demonstrare·
995 415 1158 464 conatus
1198 439 1296 474 sum,
1340 423 1527 476 cognosci
1564 427 1696 473 potest

268 486 501 529 Urbinatem
527 487 689 541 propius
718 485 856 529 abesse
884 503 909 529 a
937 489 1053 530 classi
1081 504 1107 529 x
1135 504 1252 543 quam
1281 490 1330 529 ab
1358 504 1395 542 y.
1438 481 1545 541 Ergo
1575 487 1695 526 etiam

268 557 366 606 fons
389 544 570 594 L'ffs‘atici'
599 555 725 594 »classi
759 570 785 594 x
803 555 1047 596 inserendus
1086 563 1156 595 est.
1221 557 1442 595 Redeamus
1486 554 1607 606 igitur
1643 554 1695 592 ad

243 610 251 615 ‚
273 622 508 663 sententiam
535 610 688 672 Peperi,
719 622 785 673 qui
814 621 988 662 codicem
1016 622 1031 661 l
1060 622 1175 662 classi
1204 637 1229 661 x
1257 620 1449 671 attribuit,
1484 619 1693 660 reiciamus

274 680 463 738 iudicium
474 686 669 742 Postgatii
684 691 724 725 et
734 686 979 737 Heukrathii,
993 688 1059 739 qui
1070 701 1158 727 eum
1168 687 1339 731 familiae
1350 688 1389 726 Φ
1402 685 1692 737 exemplaribus

201 742 204 745 ’
227 754 228 757 ’
273 749 554 803 ascripserunt!
611 751 819 792 Lusaticus
849 757 980 793 autem
1007 761 1085 793 non
1113 766 1242 793 merus
1271 752 1523 804 sincerusque
1554 749 1692 790 classis

270 832 296 856 x
315 816 428 856 testis
449 818 728 867 aestimandus,
749 819 819 858 sed
837 818 894 858 ita
911 824 955 858 ut
969 819 1140 858 Urbinas
1159 819 1261 858 inter
1281 818 1436 858 codices
1458 818 1691 856 commixtos

267 881 533 921 numerandus
576 887 648 932 est,
698 883 802 935 quod
843 888 949 924 recte
991 883 1173 923 viderunt
1212 882 1441 934 Koehler1)‚
1489 882 1690 934 Postgate,

274 948 490 986 Heukrath.
539 948 684 987 Multas
705 949 807 987 enim
827 950 1013 989 lectiones
1042 950 1216 1000 praebet,
1246 963 1347 1000 quae
1375 963 1453 987 non
1483 952 1692 987 occurrunt

268 1013 307 1050 in
336 1025 375 1060 x,
403 1011 474 1051 sed
502 1011 542 1050 in
570 1026 607 1064 y,
639 1026 802 1064 quarum
830 1018 981 1065 partem
1009 1027 1127 1066 supra
1154 1013 1280 1052 attuli.
1312 1064 1314 1067 .
1340 1012 1424 1060 Quo
1453 1012 1570 1051 modo
1600 1012 1691 1050 illae

266 1077 308 1115 in
338 1077 518 1116 codicisl
547 1083 774 1117 contextum
792 1079 1007 1118 venerunt?
1039 1079 1253 1129 Koehler2)
1283 1078 1440 1130 quidem
1469 1078 1586 1116 docet
1614 1090 1690 1115 uno

270 1142 486 1194 eodemque
528 1148 704 1195 tempore
748 1144 899 1184 duobus
944 1144 1230 1196 exemplaribus
1272 1143 1474 1183 librarium
1516 1141 1691 1181 Lusatici

227 1208 235 1211 ”
270 1222 384 1246 usum
413 1222 500 1247 esse
529 1213 647 1259 atque
675 1210 751 1248 hoc
779 1210 866 1249 loco
897 1210 1041 1249 codicis
1070 1225 1126 1259 x„
1156 1210 1224 1249 illo
1254 1208 1401 1249 codicis
1420 1223 1465 1259 y¹
1482 1209 1692 1246 lectionem

272 1272 513 1324 repetivisse.
563 1272 642 1313 Sed
661 1278 768 1314 recte
786 1274 990 1314 Heukrath
1009 1275 1048 1314 in
1076 1274 1353 1315 dissertatione
1372 1273 1464 1312 inde
1486 1287 1510 1312 a
1528 1286 1618 1325 pag.
1641 1274 1690 1311 57

269 1339 372 1377 hanc
407 1338 642 1377 sententiam
676 1340 881 1391 impugnat
914 1340 1120 1390 omniaque
1152 1340 1245 1383 fere,
1289 1353 1390 1390 quae
1424 1338 1464 1376 in
1498 1339 1512 1376 1
1546 1338 1693 1376 tradita

271 1406 373 1452 sunt,
403 1402 481 1442 iam
510 1402 550 1442 in
585 1403 692 1443 fonte
728 1404 925 1444 exstitisse
963 1404 1174 1444 contendit.
1240 1403 1353 1451 Quod
1386 1402 1575 1442 iudicium
1618 1415 1691 1454 ego

269 1481 424 1518 quoque
459 1468 507 1507 de
541 1473 652 1508 textu
680 1469 855 1509 Lusatici
888 1469 1057 1518 fecerim,
1101 1483 1338 1520 quamquam
1367 1468 1445 1508 alia
1475 1481 1604 1516 causa,
1649 1472 1691 1506 ut

266 1531 323 1570 ita
352 1532 530 1582 sentiam,
561 1533 736 1573 adducor
764 1539 881 1585 atque
909 1534 984 1572 ille.

375 1620 568 1659 Plurimas
617 1621 721 1660 enim
768 1621 915 1661 codicis
961 1622 973 1660 l
1015 1621 1202 1660 lectiones
1250 1621 1370 1660 etiam
1416 1620 1457 1658 in
1498 1619 1691 1659 Urbinate

269 1684 502 1733 invenimus,
532 1699 632 1737 quae
661 1699 723 1725 res
748 1686 857 1726 nulla
874 1686 1024 1725 ratione
1044 1686 1231 1738 explicari
1250 1690 1393 1737 potest,
1424 1685 1457 1724 si
1483 1689 1691 1735 utrumque

267 1750 471 1789 librarium
500 1750 560 1790 his
589 1752 686 1791 locis
716 1766 765 1790 ex
795 1751 1057 1803 compluribus
1084 1751 1195 1790 libris
1228 1751 1408 1790 hausisse
1442 1749 1689 1789 arbitramur.

267 1815 496 1854 Lusaticum
530 1820 662 1855 autem
697 1830 746 1856 ex
779 1817 969 1856 Urbinate
1003 1817 1065 1855 vel
1093 1830 1141 1855 ex
1171 1816 1367 1855 contrario
1400 1816 1505 1854 hunc
1539 1828 1588 1853 ex
1622 1814 1689 1852 illo

269 1879 510 1932 descriptum
544 1895 631 1921 esse
660 1882 776 1934 plane
804 1882 1025 1935 negandum
1053 1887 1123 1930 est,
1159 1881 1235 1921 nisi
1262 1882 1363 1935 forte
1392 1880 1479 1932 quis
1510 1879 1690 1919 omnibus

267 1945 378 1994 locis,
422 1946 564 1997 quibus
599 1947 636 1986 U
665 1948 744 1986 etl
780 1947 883 1987 inter
923 1961 964 1986 se
1006 1947 1200 1996 differunt,
1242 1946 1487 1985 coniecturas
1530 1950 1599 1983 aut
1641 1945 1690 1983 ab

267 2011 384 2051 huius
427 2016 494 2051 aut
536 2013 586 2051 ab
627 2012 732 2053 illius
775 2012 934 2053 librario
976 2013 1099 2052 factas
1141 2025 1226 2051 esse
1262 2016 1432 2051 censeat.
1490 2010 1591 2049 Nam
1634 2010 1690 2049 illi

269 2076 436 2122 codices,
485 2091 722 2130 quamquam
764 2084 852 2119 arta
894 2084 982 2118 sunt
1025 2077 1221 2117 coniuncti
1264 2077 1511 2129 cognatione,
1559 2082 1691 2115 tamen

268 2142 465 2182 nonnullis
508 2143 605 2183 locis
640 2145 755 2184 valde
797 2144 899 2184 inter
940 2158 981 2184 se
1024 2143 1259 2194 discrepant.
1316 2142 1577 2194 Inspiciamus
1620 2142 1692 2180 has

266 2207 437 2247 tabulas!

397 2371 431 2411 1)
456 2371 660 2414 Lusaticum
688 2381 758 2406 non
782 2382 859 2407 esse
882 2372 1079 2405 derivatum
1110 2380 1153 2404 ex
1176 2370 1372 2413 archetypo
1396 2372 1474 2413 ipso
1498 2373 1522 2401 Ω
1540 2371 1694 2404 Koehler

266 2425 423 2460 ostendit
444 2426 482 2460 in
506 2426 647 2461 dissert.
671 2437 752 2470 pag.
774 2429 826 2463 63.

393 2492 427 2532 2)
451 2492 496 2525 cf.
519 2492 605 2526 diss.
628 2503 708 2536 pag.
732 2496 774 2529 63
797 2495 834 2528 et
856 2492 980 2529 Philol.
1005 2492 1027 2525 l.
1052 2501 1079 2524 c.
1103 2501 1136 2533 p.
1160 2493 1233 2525 415.
