1980 3090
843 241 1080 285 ...81-

251 371 330 411 sint
358 378 398 412 et
425 373 606 413 librarius
635 374 720 426 ipse
748 375 825 414 alio
854 376 1021 415 fortasse
1049 377 1220 428 quodam
1253 374 1469 426 exemplari
1498 373 1677 413 adhibito

251 452 328 477 non
348 453 476 491 pauca
493 439 707 480 mutavisse
726 441 790 480 vel
809 440 1008 481 addidisse
1029 441 1217 482 videatur.
1248 440 1525 494 Compluribus
1545 443 1678 479 autem

251 503 348 543 locis
376 504 578 555 lectiones,
608 519 705 557 quas
725 508 855 545 varias
875 507 1129 558 appellamus,
1159 512 1370 547 annotatae
1395 511 1488 546 sunt
1516 520 1541 545 a
1559 519 1678 544 manu

251 568 380 620 priore
414 569 497 610 sive
526 584 644 623 super
676 575 828 611 textum
857 571 939 611 sive
966 572 1008 611 in
1036 587 1127 626 mg.,
1156 573 1363 613 nonnullos
1394 585 1546 612 errores
1575 573 1679 611 inter

252 635 551 675 describendum
590 641 698 676 ortos
736 651 875 676 manus
908 640 1102 688 posterior
1135 639 1214 691 (v2)
1251 638 1487 678 emendavit.
1545 637 1679 676 Etiam

251 700 472 740 rubricator
490 701 725 753 quibusdam
745 704 785 741 in
805 703 982 742 versibus
1001 708 1179 743 versatus
1199 709 1269 754 est,
1296 705 1404 744 velut
1422 704 1463 743 in
1483 704 1522 742 II
1543 704 1677 752 29,40‚

253 765 319 804 ubi
348 767 458 806 verbi
476 778 579 805 saaea
597 767 725 819 prima
742 767 876 807 littera
904 768 954 807 ab
974 782 1020 807 eo
1050 773 1245 820 expuncta
1263 775 1303 808 et
1322 783 1441 821 supra
1467 781 1488 807 s
1507 768 1522 806 l
1540 767 1679 808 addita

253 836 325 880 est,
356 836 395 870 et
421 831 462 870 in
490 832 550 871 III
570 835 674 882 5,11,
704 832 771 872 ubi
800 833 841 871 in
866 837 978 871 textu
1005 833 1148 885 legitur
1174 835 1347 882 mortem,
1377 835 1417 873 in
1445 848 1523 886 mg.
1544 840 1678 873 autem

253 895 318 934 ille
356 897 561 936 annotavit
598 899 760 936 noctem.
818 897 1101 937 Difficillimum
1140 898 1258 950 igitur
1292 913 1380 938 cum
1413 899 1466 938 sit
1502 898 1676 951 cognitu,

254 975 354 1012 quae
384 962 531 1001 codicis
561 962 744 1002 Vaticani
773 964 879 1004 3273
908 963 1098 1002 lectiones
1126 962 1205 1002 sint
1232 964 1436 1015 genuinae,
1468 978 1568 1016 quae
1598 963 1678 1002 sint

254 1027 512 1077 adventiciae,
556 1029 660 1079 quod
693 1027 1063 1080 interpolationibus
1096 1027 1161 1067 hic
1194 1028 1294 1067 liber
1326 1029 1588 1068 abundantior
1616 1032 1679 1067 est

255 1106 372 1144 quam
415 1093 546 1143 ceteri,
590 1093 639 1132 de
674 1093 815 1146 quibus
849 1094 925 1133 hoc
959 1094 1047 1133 loco
1082 1094 1223 1146 agitur,
1267 1094 1421 1134 codices
1461 1093 1676 1142 commixti,

255 1158 426 1198 Urbinas
465 1164 506 1198 et
537 1159 757 1210 Lusaticus,
801 1160 852 1199 ad
893 1165 1046 1199 textum
1080 1160 1294 1199 carminum
1327 1160 1519 1212 Propertii
1561 1158 1675 1199 resti-

254 1225 443 1263 tuendum
471 1238 521 1264 ne
540 1225 591 1264 ad
619 1226 723 1265 hunc
752 1225 909 1277 quidem
938 1225 1217 1278 confugiemus.
1259 1225 1337 1265 Sed
1365 1226 1443 1265 iam
1470 1226 1675 1265 redeamus

256 1290 307 1329 ad
335 1290 578 1330 Lusaticum!
635 1291 694 1330 De
729 1293 855 1343 pretio
895 1291 1001 1331 enim
1040 1291 1098 1330 illi
1139 1291 1264 1331 codici
1302 1291 1508 1331 tribuendo
1542 1291 1676 1342 dispu-

254 1356 417 1395 tandum
451 1361 521 1395 est.
1492 1358 1496 1363 ’

514 1585 650 1637 caput
678 1585 763 1625 III.
820 1584 882 1625 De
911 1584 1107 1625 Lusatici
1137 1585 1412 1625 auctoritate.

369 1683 579 1724 Videamus
621 1683 800 1736 primum,
844 1688 993 1736 quanta
1033 1685 1267 1723 auctoritate
1300 1684 1312 1722 l
1347 1684 1450 1736 apud
1490 1684 1679 1737 singulos,

258 1750 324 1802 qui
365 1751 412 1789 de
453 1764 499 1790 eo
534 1750 813 1799 disseruerunt,
856 1751 961 1789 viros
997 1749 1145 1789 valeat!
1202 1750 1337 1801 Peper,
1369 1763 1457 1788 cum
1487 1749 1624 1789 classis
1653 1763 1680 1787 x

257 1821 399 1854 testem
428 1815 622 1855 sincerum
652 1829 739 1854 eum
775 1829 861 1854 esse
894 1819 1019 1866 putet,
1062 1815 1289 1854 Lusaticum
1322 1814 1583 1865 Neapolitano
1612 1814 1680 1852 vix

257 1880 481 1919 inferiorem
510 1894 596 1919 esse
625 1879 837 1919 contendit.
894 1880 1031 1931 Neque
1059 1879 1247 1932 Postgate
1281 1893 1380 1928 eum,
1416 1878 1593 1931 quamvis
1629 1878 1683 1917 sit

260 1961 296 1997 ,a
325 1946 519 1986 conflated
552 1946 701 1996 codex’,
731 1946 847 1997 plane
872 1945 1159 1998 neglegendum
1179 1959 1265 1985 esse
1290 1949 1431 1985 censet.
1471 1945 1542 1984 Ille
1562 1946 1681 1994 enim,

260 2026 348 2051 cum
384 2012 397 2050 l
436 2011 596 2063 propius
644 2012 783 2050 abesse-
826 2025 850 2050 a
890 2011 1040 2050 familia
1079 2025 1106 2062 y
1149 2025 1265 2063 quam
1306 2011 1354 2049 ab
1396 2024 1421 2048 x
1469 2010 1683 2059 existimet,

260 2078 439 2120 omnibus
467 2077 516 2117 iis
544 2078 654 2127 locis,
689 2077 757 2117 ubi
785 2077 818 2116 L
847 2082 886 2117 et
913 2077 960 2127 A,
997 2076 1064 2129 qui
1099 2078 1329 2130 cognatione
1363 2081 1453 2116 sunt
1482 2075 1683 2116 coniuncti

260 2157 348 2183 cum
376 2143 420 2194 F,
450 2143 602 2193 desunt,
631 2142 821 2183 lectiones
840 2142 1094 2182 Laurentiani
1115 2142 1262 2182 codicis
1281 2142 1294 2181 l
1314 2141 1547 2181 lectionibus
1567 2141 1683 2194 quasi

258 2209 404 2248 firmari
438 2210 565 2249 docet.
622 2209 832 2248 Praeterea
869 2208 1037 2248 fortasse
1080 2208 1277 2257 nonnulla,
1320 2207 1510 2258 imprimis
1548 2208 1685 2247 ortho-

258 2275 458 2327 graphica,
488 2288 589 2326 quae
618 2274 834 2327 depravata
862 2274 942 2313 sint
969 2274 1010 2313 in
1039 2274 1069 2313 F
1099 2280 1138 2313 et
1166 2274 1209 2323 L,
1244 2272 1413 2325 genuina
1440 2278 1560 2325 atque
1588 2287 1687 2312 vera

258 2338 314 2390 (ια
354 2341 429 2378 few
472 2340 641 2392 vestiges
685 2340 724 2379 of
765 2340 902 2389 truth')
943 2339 984 2378 in
1019 2340 1033 2378 l
1067 2339 1213 2379 tradita
1255 2352 1340 2377 esse
1382 2337 1491 2378 dicit.
1558 2338 1685 2385 Quam

261 2405 493 2454 sententiam
524 2419 570 2444 ea
599 2406 648 2444 de
677 2419 796 2445 causa
823 2419 901 2445 non
932 2406 1155 2457 comprobo,
1189 2404 1293 2455 quod
1321 2404 1530 2444 Lusaticus,
1560 2405 1688 2444 multo

261 2473 417 2522 saepius
451 2470 545 2509 facit
579 2484 667 2510 cum
700 2470 961 2522 Neapolitano
1002 2484 1118 2522 quam
1153 2483 1240 2508 cum
1273 2469 1315 2517 F,
1353 2468 1411 2508 ita
1445 2475 1490 2508 ut
1525 2484 1573 2509 ex
1608 2470 1686 2509 hoc

260 2537 360 2576 libro
377 2536 561 2589 cognosci
576 2550 653 2575 non
673 2536 811 2589 possit,
832 2537 968 2588 quales
987 2537 1174 2575 lectiones
1194 2534 1339 2574 fuerint
1357 2534 1398 2574 in
1414 2535 1464 2575 Φ.
1492 2536 1684 2575 Maiorem

260 2606 403 2650 autem,
439 2607 482 2639 ut
509 2601 565 2639 ita
594 2601 734 2650 dicam,
764 2602 954 2640 honorem
988 2615 1104 2652 quam
1133 2600 1319 2651 Postgate
1349 2600 1523 2640 Koehler
1558 2600 1687 2639 codici

326 2687 401 2711 Dis-s,
419 2687 603 2711 Neumann.
1555 2678 1576 2710 6
