1980 3090
272 380 334 418 42.
378 378 539 417 Mobilis
581 378 715 427 erecti,
757 391 849 427 cesa
905 378 968 415 43.
1010 377 1177 428 virgatis
1216 375 1426 416 iaculantis
1467 376 1517 414 ab
1558 375 1715 427 agmine

270 445 400 483 bracis
458 444 522 482 43.
554 444 647 495 gyla
704 445 766 482 47.
798 443 971 482 humeris
1030 444 1093 482 48.
1125 442 1233 482 dicta
1262 446 1333 482 est.

666 508 779 548 Unus
807 520 945 546 versus
974 510 1082 546 caret
1109 507 1323 557 scriptura.

382 574 450 615 XI.
497 578 531 615 1.
553 576 682 628 paule,
712 574 912 614 lachrimis
957 576 994 613 6.
1016 574 1226 614 lachrimas
1272 576 1309 613 8.
1329 573 1520 613 herbosos
1568 574 1629 612 10.
1651 572 1716 612 fac

275 665 336 702 11.
358 662 467 714 pauli
513 663 574 702 13.
596 662 736 702 habuit
781 664 842 702 14.
864 661 926 711 Et,
957 634 1111 714 legatur
1155 663 1219 702 20.
1241 662 1299 711 In,
1330 660 1479 700 iudicet
1519 661 1583 701 21.
1605 660 1715 699 Assi-

273 729 404 777 deant,
436 733 476 766 et
504 739 590 777 om.,
620 727 769 766 minoia
797 728 893 766 sella
923 732 963 766 et
1002 728 1065 767 24.
1089 726 1302 778 corripiare
1341 728 1405 767 26.
1426 727 1518 765 laxa
1548 725 1717 765 cathena

274 796 337 834 27.
374 794 528 846 loquor,
563 793 679 833 fallor
713 807 816 845 pena
872 794 935 832 28.
966 793 1154 832 humeros
1212 794 1276 833 29.
1313 792 1481 845 trophea
1537 792 1602 831 30.
1638 790 1717 852 Iglra

274 882 337 920 31.
369 849 558 932 exaequat,
594 846 868 932 ligonesffl34.
900 879 1006 919 victa
1063 881 1126 918 35.
1157 880 1288 931 paule,
1323 845 1549 920 discesffiira
1584 879 1644 928 (sc
1671 877 1716 916 in

273 958 353 986 raS.
386 947 458 999 m2)
517 948 580 986 36.
611 947 687 985 hoc
745 948 809 985 37.
842 946 1028 985 colendos
1078 946 1141 984 38.
1173 951 1291 985 tunsa
1338 947 1403 985 39.
1434 945 1715 994 stimulantem,

272 1011 407 1051 achilli
465 1014 527 1052 40.
559 1025 729 1063 proavos
787 1013 851 1052 42.
881 1016 1035 1050 vestros
1093 1013 1157 1049 44.
1195 1010 1297 1057 Quin
1335 1015 1375 1050 et
1409 1015 1494 1050 erat
1526 1024 1717 1063 magneffl)

273 1079 337 1116 45.
359 1082 512 1116 mutata
541 1082 613 1126 est,
644 1082 729 1116 tota
759 1082 819 1116 est
863 1078 925 1115 48.
947 1076 1076 1128 possis
1125 1077 1189 1115 49.
1210 1076 1418 1115 hausteras
1464 1078 1527 1115 50.
1551 1089 1716 1115 assensu

274 1145 337 1182 51.
369 1143 521 1182 cibelen
580 1145 642 1183 52.
675 1143 841 1182 Claudia
869 1141 933 1194 (Cl
963 1154 987 1180 a
1016 1141 1097 1195 m2)
1126 1142 1316 1194 turrite(2)
1375 1144 1438 1181 53.
1471 1144 1581 1181 cuius
1611 1141 1716 1181 iasos

272 1206 317 1245 in
337 1210 460 1256 textu,
489 1220 546 1260 ”²2
566 1207 610 1245 in
630 1220 711 1257 my:
744 1210 805 1247 cui
827 1208 1017 1247 comissos
1076 1209 1138 1247 57.
1161 1206 1362 1246 lachrimis
1421 1208 1484 1246 60.
1506 1207 1717 1246 lachrimas

274 1274 338 1312 63.
383 1273 450 1322 Te,
494 1278 533 1312 te
577 1274 694 1325 paule
757 1275 822 1313 66.
866 1273 1048 1322 Consule,
1092 1274 1198 1312 facto
1263 1275 1326 1311 70.
1370 1272 1560 1321 uncturis,
1603 1270 1717 1311 malis

275 1340 338 1377 76.
360 1339 523 1379 ferenda
561 1342 623 1378 77.
645 1344 772 1379 mater
808 1341 871 1379 78.
894 1339 999 1392 cepit
1034 1340 1098 1378 79.
1130 1339 1205 1379 erit
1243 1341 1307 1380 80.
1328 1339 1445 1392 paule
1482 1339 1545 1379 82.
1568 1337 1718 1378 credita

276 1405 339 1444 84.
381 1411 469 1444 tace
527 1407 591 1444 86.
632 1405 748 1444 thoro
806 1406 869 1444 93.
912 1405 1057 1444 sentire
1117 1407 1181 1445 94.
1224 1405 1395 1445 Caelibis
1439 1404 1490 1457 (is
1525 1403 1570 1442 in
1603 1402 1716 1461 ras.)⁷

274 1476 391 1511 vacat
448 1473 512 1510 95.
544 1471 764 1511 detractum
794 1476 854 1511 est
910 1473 972 1511 96.
1005 1472 1166 1524 paulum
1224 1473 1287 1511 96.
1318 1472 1489 1524 lubrigia
1516 1476 1716 1524 sumptum

275 1538 338 1575 99.
370 1542 555 1588 perorata
585 1543 644 1576 est
704 1539 793 1576 101.
824 1537 904 1576 sint
932 1535 999 1588 (ew
1028 1539 1101 1576 sim
1130 1536 1206 1590 m2)
1266 1539 1356 1577 102.
1388 1537 1512 1590 equis.

382 1613 661 1653 PROPERTII
708 1613 927 1653 AURELII
974 1614 1152 1653 NAUTE
1199 1613 1510 1653 ELEGIARUM
1560 1613 1717 1652 LIBER

276 1677 522 1724 QUARTUS
551 1678 618 1717 ET
647 1678 882 1718 ULTIMUS
912 1678 1063 1718 FINIT.
1095 1678 1232 1718 LAUS
1270 1678 1389 1718 ΠΕΟ.

491 1842 629 1894 Caput
658 1842 719 1882 11.
776 1842 839 1882 De
869 1842 1033 1882 codicis
1063 1842 1294 1883 Urbinatis
1325 1842 1507 1892 origine.

386 1930 572 1969 Codicem
600 1929 835 1969 Urbinatem
863 1929 1044 1981 proxima
1073 1929 1310 1982 cognatione
1346 1929 1599 1969 coniunctum
1629 1944 1715 1969 esse

277 2009 364 2034 cum
413 1994 709 2045 N(eapolitano)
762 2008 910 2043 omnes,
965 1995 1032 2045 qui
1091 1994 1302 2046 diligenter
1351 2009 1440 2034 eum
1493 1995 1717 2046 inspicient,

274 2059 391 2099 facile
422 2059 497 2099 sibi
527 2059 832 2111 persuadebunt.
887 2059 1097 2098 Permultis
1128 2061 1232 2098 enim
1260 2059 1359 2099 locis
1388 2059 1429 2098 hi
1459 2059 1536 2098 duo
1558 2059 1715 2099 codices
1795 2072 1801 2078 ’
1843 2064 1852 2075 ’

275 2140 298 2163 a
327 2124 565 2163 lectionibus
596 2130 817 2163 ceterorum
847 2124 1124 2163 dissentientes
1161 2125 1321 2163 easdem
1352 2125 1413 2163 vel
1442 2125 1523 2164 fere
1558 2125 1718 2164 easdem

273 2190 466 2229 lectiones
509 2190 713 2241 praebent,
758 2203 935 2240 quarum,
980 2194 1024 2228 ut
1067 2203 1168 2241 quae
1208 2194 1300 2229 sunt
1333 2189 1492 2229 levioris
1528 2189 1717 2228 momenti

276 2255 468 2304 omittam,
499 2256 572 2294 has
603 2255 745 2294 affero:

921 2318 1016 2360 Tab.
1050 2318 1077 2360 1.

899 2396 1043 2435 Liber
1072 2397 1101 2435 I.

275 2472 314 2510 11
347 2473 407 2511 18.
439 2474 476 2510 et
506 2471 620 2511 uenit
650 2473 734 2512 UN
1066 2471 1198 2510 euenit
1227 2472 1258 2511 Ο

274 2538 331 2576 VI
361 2539 397 2576 3.
430 2537 675 2576 memnonias
703 2539 791 2578 UN
807 2538 861 2591 V2
890 2552 957 2590 mg
1066 2536 1284 2575 memom'as
1327 2539 1362 2577 A
1382 2538 1413 2577 F
1456 2536 1500 2575 in
1543 2535 1718 2575 emonias

1117 2603 1152 2641 D
1168 2602 1205 2641 v
1232 2601 1349 2654 (hem.
1378 2602 1451 2655 ν.)
