1980 3090
271 336 448 382 tempore
478 345 526 370 ex
548 331 701 370 duobus
728 331 902 370 fontibus
932 330 1118 370 librarius
1148 330 1292 379 hausit,
1323 332 1379 369 ita
1398 330 1569 382 quidem,
1600 335 1644 369 ut
1663 331 1714 369 ad

270 396 475 435 libidinem
511 411 559 435 ex
589 410 667 435 uno
697 397 759 435 vel
789 396 914 434 altero
949 396 1140 435 lectiones
1177 400 1348 435 sumeret
1376 395 1637 446 omnibusque
1663 395 1713 434 iis

271 461 383 510 locis,
420 461 562 513 quibus
593 462 627 500 U
658 466 697 499 et
725 461 761 499 N
797 460 900 500 inter
930 474 972 500 se
1007 460 1257 511 dissentiunt,
1293 461 1401 500 velut
1435 460 1474 499 in
1510 461 1548 499 II
1579 461 1711 510 2250,

271 527 338 565 ubi
354 531 462 566 totus
479 540 616 566 versus
632 526 671 564 in
687 526 722 565 N
739 528 907 565 omissus
925 531 997 574 est,
1019 526 1129 564 illum
1145 527 1312 566 alterum
1327 526 1471 565 librum
1486 525 1712 577 inspiceret.

272 591 353 630 Sed
381 592 457 631 hoc
477 605 548 643 per
568 605 609 630 se
630 591 695 629 vix
717 591 930 630 verisimile
961 605 1047 629 esse
1077 592 1173 630 mihi
1196 592 1361 630 videtur.
1403 591 1502 629 Tum
1534 591 1711 629 conferas

271 657 345 695 hos
374 657 500 696 locos:
530 656 574 695 ln
604 670 720 695 versu
751 657 788 695 ΙΙ
819 658 910 705 3,17
941 656 981 694 in
1011 656 1205 695 Urbinate
1233 658 1400 709 legimus
1428 654 1576 703 iacheo,
1607 656 1713 707 quod

272 722 376 760 idem
417 721 577 773 scripsit
614 722 669 773 N1
714 720 893 769 (zacheo),
934 721 974 760 in
1015 720 1207 774 DV.(N2)
1248 720 1371 760 iaeho.
1429 721 1505 769 Hic
1544 721 1712 760 fortasse

272 786 417 825 dixerit
437 786 633 838 quispiam
653 786 859 825 librarium
879 785 1048 838 primum
1068 800 1117 825 ex
1147 786 1284 827 codice
1304 787 1353 840 N1
1377 785 1511 825 iacheo
1537 786 1711 838 descrip-

273 854 384 902 sisse,
416 858 499 891 tum
530 853 654 891 altero
676 852 812 891 codice
833 852 1011 891 adhibito
1032 852 1130 891 illud
1160 864 1201 889 eo
1222 854 1259 891 in
1283 864 1303 889 o
1334 852 1562 892 correxisse.
1599 852 1712 898 Quod

271 918 355 956 fieri
390 918 568 969 potuisse
602 932 680 957 non
716 932 831 970 nego.
900 918 954 957 At
990 932 1078 957 cum
1117 918 1205 957 aliis
1242 933 1397 971 quoque
1434 919 1532 957 locis
1568 916 1712 956 similia

270 984 460 1035 legamus,
491 984 542 1023 ad
568 984 686 1023 aliam
716 983 953 1023 sententiam
982 984 1163 1035 equidem
1194 985 1329 1024 ducor.
1395 984 1451 1023 Cf.

270 1070 308 1109 II
339 1071 472 1121 3029.
502 1070 650 1110 semela
680 1072 736 1109 est
764 1071 800 1110 N
1059 1069 1198 1109 semele
1228 1073 1286 1110 est
1315 1071 1400 1111 DV

504 1136 651 1174 semela
681 1139 736 1174 est
765 1138 800 1175 U
1060 1135 1197 1185 (semel
1227 1138 1284 1173 est
1310 1136 1405 1186 FL)

340 1202 472 1243 2522.
505 1200 672 1239 credula
1061 1200 1219 1239 credule
1250 1201 1388 1240 NDV

1123 1263 1287 1327 credule²
1312 1290 1348 1328 U

1376 1372 1389 1387 8
1694 1371 1710 1387 a

383 1399 468 1445 Qua
498 1399 546 1436 de
568 1412 688 1437 causa
717 1399 821 1437 idem
851 1399 1047 1447 librarius⁷
1079 1399 1146 1450 qui
1176 1401 1215 1437 in
1244 1398 1389 1436 semela
1419 1404 1458 1437 et
1486 1400 1525 1436 in
1551 1396 1710 1435 credule

272 1466 403 1503 varias
431 1487 486 1491 ——
520 1478 647 1515 neque
679 1464 783 1503 enim
818 1467 1033 1516 suppunxit
1063 1476 1087 1503 α
1116 1470 1156 1503 et
1186 1477 1205 1502 e
1233 1487 1285 1492 —-
1314 1464 1504 1504 lectiones
1540 1465 1709 1515 scripsit,

270 1528 360 1567 aliis
400 1529 499 1568 locis
534 1543 612 1568 non
648 1529 704 1567 ita
738 1529 857 1568 fecit?
914 1530 1108 1580 Equidem
1147 1529 1405 1568 indicaverim
1434 1528 1624 1568 lectiones
1652 1540 1709 1566 se-

270 1600 384 1677 meld,
416 1601 576 1665 credulg
604 1627 752 1666 similes
772 1627 852 1667 iam
873 1628 911 1666 in
934 1628 1161 1680 exemplari,
1189 1628 1292 1666 unde
1313 1628 1485 1667 Urbinas
1508 1633 1615 1667 ortus
1636 1632 1708 1677 est,

271 1693 484 1742 extitissse‚
526 1694 599 1739 sed
640 1693 707 1742 ita,
754 1699 796 1732 ut
836 1693 991 1732 litterae
1029 1705 1065 1741 a,
1108 1706 1127 1731 e
1161 1700 1235 1733 etc.
1273 1699 1406 1732 essent
1452 1698 1708 1745 suppunctae‚

268 1758 474 1797 librarium
488 1764 621 1798 autem
638 1759 786 1799 codicis
802 1760 839 1799 U
854 1764 1002 1811 puncta
1021 1759 1090 1799 illa
1108 1760 1385 1812 neglegentem
1401 1773 1536 1798 omnes
1556 1758 1708 1799 litteras

269 1823 310 1862 in
339 1828 492 1874 textum
520 1827 728 1876 recepisse.
789 1825 846 1864 Cf.
878 1824 997 1863 etiam
1026 1825 1099 1863 hos
1128 1825 1255 1864 locos:

289 1933 306 1971 I
356 1916 460 1982 9,33.
490 1908 617 1982 fatere
648 1936 680 1974 U
1055 1933 1184 1982 fatere
1214 1935 1245 1972 ()
1301 1932 1423 1982 fateri
1453 1934 1502 1986 V1

326 2031 456 2081 13‚26.
489 2004 668 2080 teridas
699 2032 731 2071 U
1057 2030 1214 2082 tepidas
1244 2033 1275 2070 0

268 2128 304 2167 11
356 2131 459 2178 1‚14.
490 2104 651 2178 {stz'adas
681 2130 715 2169 U
1053 2129 1213 2180 almetas
1241 2130 1323 2169 AF
1395 2128 1543 2169 diadas
1571 2130 1708 2175 NDV

354 2229 456 2276 1,20.
487 2202 716 2275 impositcim
747 2229 782 2266 U
875 2223 878 2226 ⁴
1055 2227 1281 2277 impositam
1314 2228 1350 2266 N
1365 2229 1447 2267 AF

548 2327 557 2348 t
1109 2292 1338 2342 impositum
1368 2294 1467 2333 DV-

392 2360 455 2396 46.
488 2370 578 2396 arce
606 2359 642 2397 U
1056 2360 1142 2396 arte
1173 2359 1204 2397 O
1298 2406 1307 2418 Ι

351 2459 455 2506 2,16.
488 2431 582 2506 aquit
611 2458 666 2517 U³
1056 2459 1149 2506 ayat
1178 2457 1232 2509 V2
1289 2460 1375 2507 (τρεῖ
1405 2458 1437 2497 Ο

351 2558 387 2605 6,
422 2559 455 2595 1.
486 2529 675 2605 ερῆἕνεαε
704 2558 740 2596 U
1055 2555 1276 2605 ephere(a)e
1294 2558 1329 2595 N
1344 2558 1375 2595 F
1419 2556 1601 2605 ephireae
1622 2556 1704 2594 DV
