1980 3090
893 229 1136 267 *20-

295 373 331 396 0
347 358 421 411 m2)
453 359 616 436 cadmeg}
673 361 708 396 8.
741 358 968 409 Cynnamon
1001 359 1068 410 (yn
1098 371 1167 397 eoe
1180 361 1219 398 in
1247 358 1327 412 m2)
1373 361 1420 400 9
1453 360 1606 400 clausas
1666 363 1727 402 10.

294 461 438 506 terunt,
474 412 637 496 iearigge
672 457 739 505 (ῖθ
765 469 815 494 eoe
844 471 885 495 re
915 456 995 509 m2)
1057 459 1116 498 12.
1149 458 1350 510 obprobrii
1410 460 1472 497 13.
1502 458 1621 497 Nulla
1656 446 1727 508 θεῖ,

294 556 402 594 nulla
432 560 492 594 θεῖ
541 557 601 594 14.
633 528 685 594 Ᾰιῖ
715 557 829 606 siqua
858 560 918 594 est
964 558 1024 594 17.
1057 556 1161 595 iacta
1190 563 1250 596 est
1293 559 1356 597 22.
1389 556 1485 595 iuris
1534 557 1597 597 23.
1619 534 1727 610 Him,

293 653 358 692 hie
416 654 478 693 27.
509 626 595 692 niliis
625 659 748 702 erant,
786 652 955 704 cydonia
989 655 1031 705 (y
1059 665 1108 691 ea:
1137 654 1149 692 i
1179 653 1257 707 m2)
1315 656 1378 695 32.
1410 653 1630 694 viricoloris
1666 651 1728 704 (in

293 708 370 768 ’νγ-ιθ.
401 717 668 769 versicoloris)
717 720 780 758 35.
816 719 912 769 Atq3
949 718 1087 768 hinnu,
1118 724 1223 758 totos
1277 722 1339 758 36.
1370 720 1484 758 thoro
1533 720 1597 758 38.
1627 732 1729 769 pena

295 786 358 823 41.
394 784 538 835 Diique
595 785 656 822 48.
690 783 768 822 iam
803 783 831 831 (i
862 795 912 820 ex
940 782 973 834 t)
1001 812 1003 814 -
1030 785 1094 822 53.
1125 784 1305 836 aurigero
1364 786 1426 823 55.
1457 784 1519 833 Et,
1554 784 1727 837 thqracis

293 848 569 901 polymestoris
590 851 629 900 (y
650 860 701 886 eoe
721 847 828 900 im2)
860 850 922 887 56.
939 847 1117 900 polidoro
1148 851 1210 888 58.
1228 864 1421 901 nusquam
1442 855 1503 888 est
1532 851 1594 888 59.
1612 863 1727 887 verus

293 916 356 955 62.
388 912 523 953 menas
580 915 643 952 63.
674 914 801 965 parim
830 914 1010 966 phrigiae
1069 916 1131 954 64.
1163 928 1305 967 equum
1355 916 1418 953 66.
1449 915 1624 966 Experta
1654 918 1726 953 est.

401 1013 511 1052 XIV.
544 1013 614 1062 ⁴De
644 1012 819 1051 moribus
849 1014 1096 1064 spartorum'.
1147 1015 1183 1053 2.
1213 1013 1395 1065 gynnasii
1425 1014 1491 1065 (yn
1518 1022 1565 1050 ex
1591 1014 1630 1051 in
1651 1012 1727 1065 m2)

294 1081 330 1118 3.
361 1079 497 1119 laudes
557 1080 592 1117 5.
632 1078 779 1117 velocis
837 1079 873 1116 8.
910 1078 1072 1117 vulnera
1129 1080 1164 1117 9.
1203 1081 1353 1118 c'estum
1412 1080 1472 1118 11.
1509 1078 1657 1129 Gyrum
1687 1080 1726 1130 (y

294 1178 342 1203 ex
357 1168 370 1204 i
385 1166 460 1218 ⁷⁷²2)
482 1167 543 1204 14.
555 1138 985 1227 Thermodontiaciqpis
1010 1167 1070 1204 15.
1085 1165 1275 1217 thaygeti‚
1289 1179 1451 1217 aspersa
1483 1168 1544 1204 17.
1560 1165 1742 1204 habenis·

294 1244 356 1283 23.
388 1243 468 1281 ulla
497 1248 562 1294 estv
605 1244 667 1283 24.
699 1256 801 1293 pena
845 1244 906 1282 26.
935 1242 1051 1293 longe
1102 1244 1164 1281 27.
1195 1243 1278 1281 Nee
1327 1244 1390 1283 28.
1412 1242 1518 1281 domi
1563 1243 1626 1281 30.
1656 1256 1725 1287 an-

292 1313 409 1359 gusta
439 1313 509 1346 est.

400 1395 489 1433 XV.
536 1395 610 1444 ‘Ad
649 1394 857 1445 Cynthiam
896 1395 945 1433 de
983 1394 1184 1445 Lycinna.'
1260 1396 1293 1433 1.
1338 1394 1412 1433 Hie
1485 1397 1520 1435 2.
1565 1394 1725 1453 veniant

292 1495 327 1533 3.
372 1498 590 1546 praetexta,
635 1493 803 1532 amictus
867 1495 902 1532 5.
944 1464 1075 1532 animi)
1139 1495 1174 1531 6.
1218 1493 1366 1533 licinna
1429 1505 1483 1532 vx.
1529 1493 1592 1531 10.
1631 1497 1724 1542 post

291 1559 355 1598 11.
379 1557 539 1607 positus
568 1560 624 1596 est
675 1560 735 1599 12.
766 1558 928 1597 Nicteos
979 1559 1039 1596 13.
1070 1558 1146 1607 Ah,
1176 1557 1262 1596 uxit
1311 1560 1371 1596 15.
1401 1559 1464 1596 Ah
1516 1560 1577 1598 17.
1607 1573 1726 1610 passa

291 1662 351 1695 est
410 1658 471 1695 19.
503 1656 652 1707 Iupiter
704 1656 767 1695 21.
800 1661 859 1694 θεῖ
917 1657 980 1695 22.
1012 1655 1117 1694 victa
1173 1657 1237 1695 25.
1269 1656 1493 1706 cytheronis
1542 1658 1604 1696 26.
1635 1631 1744 1696 Nc>1¹1⁴

291 1724 355 1761 27.
392 1721 501 1805 θῶορί
573 1722 636 1762 29.
678 1720 879 1760 lachrimis
949 1722 1011 1759 30.
1053 1720 1227 1772 Experta
1267 1725 1327 1759 θεῖ
1366 1720 1511 1760 tabulis
1584 1722 1646 1760 31.
1683 1711 1721 1761 iii

290 1820 469 1869 adverso,
505 1819 649 1858 nothos
707 1821 769 1858 33.
810 1818 865 1857 sic
923 1820 986 1858 38.
1024 1818 1171 1858 dircem
1207 1817 1280 1871 (m2
1316 1821 1433 1866 corr.)
1491 1820 1553 1858 41.
1590 1819 1722 1869 Parta,

290 1896 394 1935 zethi
452 1897 515 1937 42.
545 1896 679 1935 Peana
707 1896 904 1947 amphyon
935 1895 978 1946 (y
1008 1907 1058 1933 ex
1087 1895 1099 1933 i
1129 1873 1213 1947 7112),
1244 1895 1459 1935 arachinte.

399 1984 508 2022 XVI.
551 1984 622 2033 LDe
657 1983 820 2034 imperio
859 1983 1009 2033 amice?
1070 1985 1103 2021 1.
1136 1982 1304 2034 epistola
1361 1985 1396 2023 2.
1427 1975 1548 2022 Tibu}
1585 1985 1616 2032 (-
1647 1984 1721 2037 m2)

291 2084 326 2120 4.
357 2082 532 2133 nympha
589 2083 623 2120 5.
654 2047 756 2119 nbea
733 2095 795 2119 me
853 2083 888 2119 7.
918 2081 991 2131 hege
1021 2080 1210 2120 distulero
1271 2082 1331 2122 12.
1363 2080 1558 2132 Scyronis
1577 2079 1641 2133 (cy
1672 2094 1722 2119 ex

290 2147 431 2200 cim2),
463 2149 496 2185 si
547 2148 608 2184 14.
639 2147 737 2184 adeo
789 2148 855 2184 17.
871 2146 1017 2184 hiantis
1068 2148 1128 2184 18.
1160 2146 1223 2184 via
1254 2151 1315 2184 θεῖ
1364 2148 1424 2184 19.
1446 2152 1577 2185 tamen
1597 2161 1720 2199 paruo

290 2237 353 2275 20.
385 2235 555 2273 exclusis
614 2235 678 2273 23
715 2233 866 2271 ΑΗθῐ-θῖ
893 2234 982 2282 hue,
1019 2248 1057 2271 m
1116 2235 1178 2272 25.
1211 2233 1288 2281 Dii,
1324 2247 1396 2272 nec
1452 2235 1515 2272 26.
1546 2234 1719 2283 assiduo,

288 2332 453 2384 vulgus
487 2334 550 2372 27.
580 2330 733 2370 infant
791 2332 854 2371 29.
884 2331 1030 2369 humet.

396 2419 525 2457 XVII.
564 2419 638 2468 ‘Ad
664 2417 890 2457 Bacchum.’
940 2419 977 2455 8.
1007 2397 1181 2456 ariach'i'a
1211 2418 1275 2465 (esc
1294 2417 1471 2467 ariadna)
1522 2420 1582 2456 10.
1605 2432 1719 2457 sana-

286 2486 386 2524 bunt
414 2482 456 2535 (u
485 2496 542 2536 m2
570 2482 615 2521 in
643 2485 741 2531 ras.)
802 2484 863 2523 12.
894 2482 1025 2521 animo
1086 2483 1146 2520 17.
1176 2485 1349 2522 minuam
1379 2485 1445 2529 (ex
1472 2484 1631 2531 numen)
1664 2496 1718 2536 τηρ

303 2550 312 2574 1
1108 2547 1118 2572 1

287 2599 325 2622 m
393 2585 452 2622 18.
488 2583 704 2634 pressantis
768 2584 833 2623 21.
873 2583 966 2667 ⁶2(an
969 2596 1023 2668 123)
1050 2582 1212 2621 flumine
1270 2584 1333 2623 22.
1362 2582 1506 2667 ηγεθὲξ)
1536 2582 1714 2634 figugata
